timestamp,mid_price,spread,best_bid,best_ask,bid_prices,bid_quantities,ask_prices,ask_quantities,bid_volume,ask_volume
1700000000.0,1000.0076,0.47,999.77,1000.24,"[999.77, 999.72, 999.67, 999.62, 999.57, 999.52, 999.47, 999.42, 999.37, 999.32]","[119.0, 18.0, 7.0, 138.0, 155.0, 391.0, 11.0, 162.0, 12.0, 201.0]","[1000.24, 1000.29, 1000.34, 1000.39, 1000.44, 1000.49, 1000.54, 1000.59, 1000.64, 1000.69]","[87.0, 25.0, 99.0, 15.0, 10.0, 39.0, 126.0, 64.0, 212.0, 41.0]",1214.0,718.0
1700000000.1,1000.0382,0.24,999.92,1000.16,"[999.92, 999.87, 999.82, 999.77, 999.72, 999.67, 999.62, 999.57, 999.52, 999.47]","[33.0, 27.0, 36.0, 7.0, 20.0, 86.0, 54.0, 196.0, 120.0, 44.0]","[1000.16, 1000.21, 1000.26, 1000.31, 1000.36, 1000.41, 1000.46, 1000.51, 1000.56, 1000.61]","[23.0, 42.0, 28.0, 31.0, 97.0, 37.0, 187.0, 216.0, 184.0, 14.0]",623.0,859.0
1700000000.2,1000.0215,0.27,999.89,1000.16,"[999.89, 999.84, 999.79, 999.74, 999.69, 999.64, 999.59, 999.54, 999.49, 999.44]","[56.0, 18.0, 26.0, 16.0, 39.0, 3.0, 23.0, 204.0, 679.0, 104.0]","[1000.16, 1000.21, 1000.26, 1000.31, 1000.36, 1000.41, 1000.46, 1000.51, 1000.56, 1000.61]","[14.0, 26.0, 29.0, 12.0, 119.0, 172.0, 211.0, 823.0, 358.0, 304.0]",1168.0,2068.0
1700000000.3,1000.0393,0.12,999.98,1000.1,"[999.98, 999.93, 999.88, 999.83, 999.78, 999.73, 999.68, 999.63, 999.58, 999.53]","[2.0, 62.0, 50.0, 143.0, 223.0, 42.0, 7.0, 143.0, 434.0, 152.0]","[1000.1, 1000.15, 1000.2, 1000.25, 1000.3, 1000.35, 1000.4, 1000.45, 1000.5, 1000.55]","[107.0, 49.0, 105.0, 27.0, 15.0, 18.0, 16.0, 8.0, 292.0, 83.0]",1258.0,720.0
1700000000.4,1000.0276,0.19,999.93,1000.12,"[999.93, 999.88, 999.83, 999.78, 999.73, 999.68, 999.63, 999.58, 999.53, 999.48]","[9.0, 125.0, 103.0, 31.0, 22.0, 66.0, 43.0, 12.0, 86.0, 417.0]","[1000.12, 1000.17, 1000.22, 1000.27, 1000.32, 1000.37, 1000.42, 1000.47, 1000.52, 1000.57]","[50.0, 200.0, 164.0, 106.0, 204.0, 91.0, 149.0, 59.0, 37.0, 397.0]",914.0,1457.0
1700000000.5,1000.0486,0.1,1000.0,1000.1,"[1000.0, 999.95, 999.9, 999.85, 999.8, 999.75, 999.7, 999.65, 999.6, 999.55]","[16.0, 63.0, 33.0, 65.0, 238.0, 193.0, 164.0, 26.0, 202.0, 84.0]","[1000.1, 1000.15, 1000.2, 1000.25, 1000.3, 1000.35, 1000.4, 1000.45, 1000.5, 1000.55]","[6.0, 26.0, 6.0, 87.0, 107.0, 37.0, 6.0, 423.0, 137.0, 275.0]",1084.0,1110.0
1700000000.6,1000.0389,0.34,999.87,1000.21,"[999.87, 999.82, 999.77, 999.72, 999.67, 999.62, 999.57, 999.52, 999.47, 999.42]","[82.0, 6.0, 435.0, 64.0, 154.0, 30.0, 138.0, 44.0, 274.0, 86.0]","[1000.21, 1000.26, 1000.31, 1000.36, 1000.41, 1000.46, 1000.51, 1000.56, 1000.61, 1000.66]","[39.0, 34.0, 60.0, 45.0, 67.0, 4.0, 222.0, 389.0, 99.0, 630.0]",1313.0,1589.0
1700000000.7,999.997,0.56,999.72,1000.28,"[999.72, 999.67, 999.62, 999.57, 999.52, 999.47, 999.42, 999.37, 999.32, 999.27]","[18.0, 43.0, 195.0, 12.0, 21.0, 168.0, 138.0, 45.0, 75.0, 139.0]","[1000.28, 1000.33, 1000.38, 1000.43, 1000.48, 1000.53, 1000.58, 1000.63, 1000.68, 1000.73]","[95.0, 23.0, 61.0, 34.0, 33.0, 267.0, 78.0, 208.0, 51.0, 34.0]",854.0,884.0
1700000000.8,999.9663,0.29,999.82,1000.11,"[999.82, 999.77, 999.72, 999.67, 999.62, 999.57, 999.52, 999.47, 999.42, 999.37]","[48.0, 77.0, 82.0, 104.0, 248.0, 353.0, 93.0, 14.0, 239.0, 157.0]","[1000.11, 1000.16, 1000.21, 1000.26, 1000.31, 1000.36, 1000.41, 1000.46, 1000.51, 1000.56]","[122.0, 68.0, 11.0, 100.0, 63.0, 14.0, 38.0, 539.0, 68.0, 48.0]",1415.0,1071.0
1700000000.9,999.9824,0.41,999.78,1000.19,"[999.78, 999.73, 999.68, 999.63, 999.58, 999.53, 999.48, 999.43, 999.38, 999.33]","[54.0, 13.0, 1.0, 42.0, 17.0, 258.0, 15.0, 106.0, 173.0, 531.0]","[1000.19, 1000.24, 1000.29, 1000.34, 1000.39, 1000.44, 1000.49, 1000.54, 1000.59, 1000.64]","[15.0, 113.0, 61.0, 164.0, 39.0, 42.0, 35.0, 162.0, 110.0, 160.0]",1210.0,901.0
1700000001.0,999.9959,0.23,999.88,1000.11,"[999.88, 999.83, 999.78, 999.73, 999.68, 999.63, 999.58, 999.53, 999.48, 999.43]","[52.0, 91.0, 3.0, 143.0, 143.0, 55.0, 34.0, 110.0, 344.0, 60.0]","[1000.11, 1000.16, 1000.21, 1000.26, 1000.31, 1000.36, 1000.41, 1000.46, 1000.51, 1000.56]","[72.0, 193.0, 32.0, 409.0, 7.0, 5.0, 260.0, 100.0, 103.0, 362.0]",1035.0,1543.0
1700000001.1,999.9693,0.16,999.89,1000.05,"[999.89, 999.84, 999.79, 999.74, 999.69, 999.64, 999.59, 999.54, 999.49, 999.44]","[105.0, 66.0, 40.0, 23.0, 151.0, 268.0, 374.0, 47.0, 174.0, 95.0]","[1000.05, 1000.1, 1000.15, 1000.2, 1000.25, 1000.3, 1000.35, 1000.4, 1000.45, 1000.5]","[86.0, 14.0, 5.0, 34.0, 8.0, 59.0, 68.0, 18.0, 525.0, 56.0]",1343.0,873.0
1700000001.2,999.9599,0.1,999.91,1000.01,"[999.91, 999.86, 999.81, 999.76, 999.71, 999.66, 999.61, 999.56, 999.51, 999.46]","[25.0, 6.0, 9.0, 1.0, 178.0, 44.0, 97.0, 135.0, 31.0, 543.0]","[1000.01, 1000.06, 1000.11, 1000.16, 1000.21, 1000.26, 1000.31, 1000.36, 1000.41, 1000.46]","[27.0, 5.0, 9.0, 47.0, 14.0, 41.0, 104.0, 6.0, 61.0, 290.0]",1069.0,604.0
1700000001.3,999.9321,0.19,999.84,1000.03,"[999.84, 999.79, 999.74, 999.69, 999.64, 999.59, 999.54, 999.49, 999.44, 999.39]","[3.0, 174.0, 20.0, 23.0, 120.0, 282.0, 446.0, 214.0, 294.0, 203.0]","[1000.03, 1000.08, 1000.13, 1000.18, 1000.23, 1000.28, 1000.33, 1000.38, 1000.43, 1000.48]","[10.0, 76.0, 13.0, 94.0, 84.0, 45.0, 99.0, 140.0, 39.0, 77.0]",1779.0,677.0
1700000001.4,999.9403,0.1,999.89,999.99,"[999.89, 999.84, 999.79, 999.74, 999.69, 999.64, 999.59, 999.54, 999.49, 999.44]","[14.0, 67.0, 96.0, 55.0, 66.0, 50.0, 163.0, 63.0, 163.0, 118.0]","[999.99, 1000.04, 1000.09, 1000.14, 1000.19, 1000.24, 1000.29, 1000.34, 1000.39, 1000.44]","[30.0, 187.0, 172.0, 91.0, 131.0, 18.0, 65.0, 202.0, 174.0, 44.0]",855.0,1114.0
1700000001.5,999.9355,0.23,999.82,1000.05,"[999.82, 999.77, 999.72, 999.67, 999.62, 999.57, 999.52, 999.47, 999.42, 999.37]","[5.0, 160.0, 7.0, 147.0, 20.0, 568.0, 81.0, 182.0, 166.0, 124.0]","[1000.05, 1000.1, 1000.15, 1000.2, 1000.25, 1000.3, 1000.35, 1000.4, 1000.45, 1000.5]","[72.0, 48.0, 219.0, 6.0, 589.0, 103.0, 41.0, 91.0, 211.0, 184.0]",1460.0,1564.0
1700000001.6,999.9373,0.45,999.71,1000.16,"[999.71, 999.66, 999.61, 999.56, 999.51, 999.46, 999.41, 999.36, 999.31, 999.26]","[47.0, 102.0, 54.0, 11.0, 60.0, 37.0, 276.0, 35.0, 217.0, 420.0]","[1000.16, 1000.21, 1000.26, 1000.31, 1000.36, 1000.41, 1000.46, 1000.51, 1000.56, 1000.61]","[7.0, 62.0, 209.0, 49.0, 54.0, 83.0, 29.0, 28.0, 528.0, 444.0]",1259.0,1493.0
1700000001.7,999.9342,0.1,999.88,999.98,"[999.88, 999.83, 999.78, 999.73, 999.68, 999.63, 999.58, 999.53, 999.48, 999.43]","[67.0, 283.0, 173.0, 46.0, 73.0, 137.0, 105.0, 50.0, 55.0, 200.0]","[999.98, 1000.03, 1000.08, 1000.13, 1000.18, 1000.23, 1000.28, 1000.33, 1000.38, 1000.43]","[175.0, 12.0, 95.0, 249.0, 1.0, 69.0, 189.0, 352.0, 479.0, 62.0]",1189.0,1683.0
1700000001.8,999.9452,0.1,999.9,1000.0,"[999.9, 999.85, 999.8, 999.75, 999.7, 999.65, 999.6, 999.55, 999.5, 999.45]","[40.0, 17.0, 34.0, 135.0, 2.0, 222.0, 3.0, 148.0, 10.0, 59.0]","[1000.0, 1000.05, 1000.1, 1000.15, 1000.2, 1000.25, 1000.3, 1000.35, 1000.4, 1000.45]","[29.0, 141.0, 17.0, 369.0, 240.0, 10.0, 1.0, 26.0, 166.0, 1141.0]",670.0,2140.0
1700000001.9,999.9082,0.28,999.77,1000.05,"[999.77, 999.72, 999.67, 999.62, 999.57, 999.52, 999.47, 999.42, 999.37, 999.32]","[4.0, 101.0, 159.0, 211.0, 248.0, 206.0, 12.0, 128.0, 74.0, 87.0]","[1000.05, 1000.1, 1000.15, 1000.2, 1000.25, 1000.3, 1000.35, 1000.4, 1000.45, 1000.5]","[112.0, 140.0, 94.0, 24.0, 121.0, 36.0, 208.0, 30.0, 201.0, 88.0]",1230.0,1054.0
1700000002.0,999.918,0.28,999.78,1000.06,"[999.78, 999.73, 999.68, 999.63, 999.58, 999.53, 999.48, 999.43, 999.38, 999.33]","[6.0, 278.0, 53.0, 34.0, 22.0, 91.0, 195.0, 275.0, 149.0, 627.0]","[1000.06, 1000.11, 1000.16, 1000.21, 1000.26, 1000.31, 1000.36, 1000.41, 1000.46, 1000.51]","[78.0, 12.0, 259.0, 38.0, 374.0, 39.0, 74.0, 178.0, 13.0, 487.0]",1730.0,1552.0
1700000002.1,999.9267,0.1,999.88,999.98,"[999.88, 999.83, 999.78, 999.73, 999.68, 999.63, 999.58, 999.53, 999.48, 999.43]","[3.0, 2.0, 2.0, 36.0, 40.0, 128.0, 321.0, 182.0, 185.0, 102.0]","[999.98, 1000.03, 1000.08, 1000.13, 1000.18, 1000.23, 1000.28, 1000.33, 1000.38, 1000.43]","[48.0, 52.0, 4.0, 26.0, 29.0, 10.0, 64.0, 9.0, 256.0, 285.0]",1001.0,783.0
1700000002.2,999.9313,0.1,999.88,999.98,"[999.88, 999.83, 999.78, 999.73, 999.68, 999.63, 999.58, 999.53, 999.48, 999.43]","[156.0, 20.0, 56.0, 58.0, 140.0, 130.0, 320.0, 29.0, 176.0, 80.0]","[999.98, 1000.03, 1000.08, 1000.13, 1000.18, 1000.23, 1000.28, 1000.33, 1000.38, 1000.43]","[36.0, 269.0, 43.0, 112.0, 70.0, 25.0, 3.0, 242.0, 16.0, 36.0]",1165.0,852.0
1700000002.3,999.9427,0.1,999.89,999.99,"[999.89, 999.84, 999.79, 999.74, 999.69, 999.64, 999.59, 999.54, 999.49, 999.44]","[31.0, 41.0, 2.0, 210.0, 446.0, 86.0, 58.0, 352.0, 91.0, 180.0]","[999.99, 1000.04, 1000.09, 1000.14, 1000.19, 1000.24, 1000.29, 1000.34, 1000.39, 1000.44]","[103.0, 28.0, 154.0, 109.0, 113.0, 221.0, 2.0, 58.0, 38.0, 61.0]",1497.0,887.0
1700000002.4,999.9255,0.1,999.88,999.98,"[999.88, 999.83, 999.78, 999.73, 999.68, 999.63, 999.58, 999.53, 999.48, 999.43]","[30.0, 23.0, 45.0, 62.0, 30.0, 121.0, 165.0, 241.0, 39.0, 184.0]","[999.98, 1000.03, 1000.08, 1000.13, 1000.18, 1000.23, 1000.28, 1000.33, 1000.38, 1000.43]","[69.0, 3.0, 46.0, 90.0, 33.0, 230.0, 181.0, 29.0, 101.0, 620.0]",940.0,1402.0
1700000002.5,999.9317,0.28,999.79,1000.07,"[999.79, 999.74, 999.69, 999.64, 999.59, 999.54, 999.49, 999.44, 999.39, 999.34]","[124.0, 39.0, 8.0, 24.0, 73.0, 73.0, 114.0, 204.0, 258.0, 197.0]","[1000.07, 1000.12, 1000.17, 1000.22, 1000.27, 1000.32, 1000.37, 1000.42, 1000.47, 1000.52]","[143.0, 235.0, 104.0, 185.0, 57.0, 18.0, 118.0, 401.0, 27.0, 81.0]",1114.0,1369.0
1700000002.6,999.9542,0.11,999.9,1000.01,"[999.9, 999.85, 999.8, 999.75, 999.7, 999.65, 999.6, 999.55, 999.5, 999.45]","[3.0, 270.0, 62.0, 28.0, 55.0, 4.0, 113.0, 255.0, 137.0, 275.0]","[1000.01, 1000.06, 1000.11, 1000.16, 1000.21, 1000.26, 1000.31, 1000.36, 1000.41, 1000.46]","[34.0, 95.0, 57.0, 97.0, 211.0, 549.0, 75.0, 534.0, 19.0, 168.0]",1202.0,1839.0
1700000002.7,999.9247,0.17,999.84,1000.01,"[999.84, 999.79, 999.74, 999.69, 999.64, 999.59, 999.54, 999.49, 999.44, 999.39]","[92.0, 32.0, 336.0, 75.0, 161.0, 111.0, 103.0, 89.0, 4.0, 727.0]","[1000.01, 1000.06, 1000.11, 1000.16, 1000.21, 1000.26, 1000.31, 1000.36, 1000.41, 1000.46]","[52.0, 179.0, 324.0, 147.0, 53.0, 79.0, 14.0, 367.0, 200.0, 508.0]",1730.0,1923.0
1700000002.8,999.9438,0.1,999.89,999.99,"[999.89, 999.84, 999.79, 999.74, 999.69, 999.64, 999.59, 999.54, 999.49, 999.44]","[88.0, 9.0, 6.0, 108.0, 67.0, 197.0, 458.0, 85.0, 157.0, 1.0]","[999.99, 1000.04, 1000.09, 1000.14, 1000.19, 1000.24, 1000.29, 1000.34, 1000.39, 1000.44]","[12.0, 73.0, 1.0, 100.0, 109.0, 12.0, 364.0, 225.0, 407.0, 31.0]",1176.0,1334.0
1700000002.9,999.8835,0.1,999.83,999.93,"[999.83, 999.78, 999.73, 999.68, 999.63, 999.58, 999.53, 999.48, 999.43, 999.38]","[152.0, 43.0, 77.0, 31.0, 71.0, 174.0, 149.0, 2.0, 6.0, 113.0]","[999.93, 999.98, 1000.03, 1000.08, 1000.13, 1000.18, 1000.23, 1000.28, 1000.33, 1000.38]","[75.0, 61.0, 16.0, 154.0, 371.0, 51.0, 91.0, 91.0, 59.0, 79.0]",818.0,1048.0
1700000003.0,999.8559,0.1,999.81,999.91,"[999.81, 999.76, 999.71, 999.66, 999.61, 999.56, 999.51, 999.46, 999.41, 999.36]","[3.0, 22.0, 174.0, 37.0, 30.0, 194.0, 72.0, 222.0, 198.0, 215.0]","[999.91, 999.96, 1000.01, 1000.06, 1000.11, 1000.16, 1000.21, 1000.26, 1000.31, 1000.36]","[18.0, 56.0, 232.0, 129.0, 134.0, 76.0, 163.0, 114.0, 31.0, 66.0]",1167.0,1019.0
1700000003.1,999.8646,0.21,999.76,999.97,"[999.76, 999.71, 999.66, 999.61, 999.56, 999.51, 999.46, 999.41, 999.36, 999.31]","[5.0, 6.0, 17.0, 45.0, 19.0, 164.0, 108.0, 793.0, 580.0, 133.0]","[999.97, 1000.02, 1000.07, 1000.12, 1000.17, 1000.22, 1000.27, 1000.32, 1000.37, 1000.42]","[32.0, 8.0, 132.0, 335.0, 72.0, 198.0, 3.0, 1145.0, 18.0, 280.0]",1870.0,2223.0
1700000003.2,999.8405,0.1,999.79,999.89,"[999.79, 999.74, 999.69, 999.64, 999.59, 999.54, 999.49, 999.44, 999.39, 999.34]","[20.0, 69.0, 5.0, 43.0, 27.0, 15.0, 236.0, 75.0, 17.0, 106.0]","[999.89, 999.94, 999.99, 1000.04, 1000.09, 1000.14, 1000.19, 1000.24, 1000.29, 1000.34]","[10.0, 1.0, 9.0, 114.0, 1.0, 60.0, 98.0, 46.0, 137.0, 338.0]",613.0,814.0
1700000003.3,999.815,0.11,999.76,999.87,"[999.76, 999.71, 999.66, 999.61, 999.56, 999.51, 999.46, 999.41, 999.36, 999.31]","[8.0, 41.0, 186.0, 55.0, 80.0, 360.0, 56.0, 7.0, 357.0, 128.0]","[999.87, 999.92, 999.97, 1000.02, 1000.07, 1000.12, 1000.17, 1000.22, 1000.27, 1000.32]","[7.0, 6.0, 53.0, 149.0, 3.0, 9.0, 16.0, 26.0, 170.0, 10.0]",1278.0,449.0
1700000003.4,999.8447,0.51,999.59,1000.1,"[999.59, 999.54, 999.49, 999.44, 999.39, 999.34, 999.29, 999.24, 999.19, 999.14]","[250.0, 1.0, 17.0, 70.0, 8.0, 514.0, 470.0, 106.0, 340.0, 383.0]","[1000.1, 1000.15, 1000.2, 1000.25, 1000.3, 1000.35, 1000.4, 1000.45, 1000.5, 1000.55]","[38.0, 32.0, 161.0, 57.0, 273.0, 126.0, 96.0, 78.0, 58.0, 41.0]",2159.0,960.0
1700000003.5,999.8532,0.1,999.8,999.9,"[999.8, 999.75, 999.7, 999.65, 999.6, 999.55, 999.5, 999.45, 999.4, 999.35]","[1.0, 16.0, 265.0, 235.0, 264.0, 50.0, 418.0, 178.0, 8.0, 49.0]","[999.9, 999.95, 1000.0, 1000.05, 1000.1, 1000.15, 1000.2, 1000.25, 1000.3, 1000.35]","[54.0, 12.0, 9.0, 136.0, 1.0, 4.0, 273.0, 54.0, 457.0, 284.0]",1484.0,1284.0
1700000003.6,999.8481,0.1,999.8,999.9,"[999.8, 999.75, 999.7, 999.65, 999.6, 999.55, 999.5, 999.45, 999.4, 999.35]","[9.0, 5.0, 115.0, 10.0, 22.0, 96.0, 6.0, 167.0, 11.0, 38.0]","[999.9, 999.95, 1000.0, 1000.05, 1000.1, 1000.15, 1000.2, 1000.25, 1000.3, 1000.35]","[4.0, 152.0, 287.0, 125.0, 129.0, 36.0, 158.0, 183.0, 243.0, 297.0]",479.0,1614.0
1700000003.7,999.8536,0.1,999.8,999.9,"[999.8, 999.75, 999.7, 999.65, 999.6, 999.55, 999.5, 999.45, 999.4, 999.35]","[59.0, 64.0, 165.0, 12.0, 124.0, 80.0, 92.0, 25.0, 245.0, 131.0]","[999.9, 999.95, 1000.0, 1000.05, 1000.1, 1000.15, 1000.2, 1000.25, 1000.3, 1000.35]","[5.0, 486.0, 75.0, 49.0, 359.0, 233.0, 216.0, 11.0, 191.0, 404.0]",997.0,2029.0
1700000003.8,999.7867,0.29,999.64,999.93,"[999.64, 999.59, 999.54, 999.49, 999.44, 999.39, 999.34, 999.29, 999.24, 999.19]","[16.0, 10.0, 173.0, 52.0, 79.0, 45.0, 97.0, 54.0, 10.0, 369.0]","[999.93, 999.98, 1000.03, 1000.08, 1000.13, 1000.18, 1000.23, 1000.28, 1000.33, 1000.38]","[9.0, 25.0, 156.0, 104.0, 96.0, 272.0, 25.0, 104.0, 107.0, 646.0]",905.0,1544.0
1700000003.9,999.7745,0.1,999.72,999.82,"[999.72, 999.67, 999.62, 999.57, 999.52, 999.47, 999.42, 999.37, 999.32, 999.27]","[8.0, 30.0, 18.0, 44.0, 12.0, 112.0, 31.0, 38.0, 682.0, 313.0]","[999.82, 999.87, 999.92, 999.97, 1000.02, 1000.07, 1000.12, 1000.17, 1000.22, 1000.27]","[107.0, 4.0, 24.0, 44.0, 192.0, 118.0, 1.0, 52.0, 287.0, 1050.0]",1288.0,1879.0
1700000004.0,999.7272,0.13,999.66,999.79,"[999.66, 999.61, 999.56, 999.51, 999.46, 999.41, 999.36, 999.31, 999.26, 999.21]","[47.0, 41.0, 133.0, 210.0, 23.0, 99.0, 16.0, 27.0, 108.0, 68.0]","[999.79, 999.84, 999.89, 999.94, 999.99, 1000.04, 1000.09, 1000.14, 1000.19, 1000.24]","[5.0, 49.0, 107.0, 124.0, 42.0, 97.0, 31.0, 41.0, 66.0, 527.0]",772.0,1089.0
1700000004.1,999.7392,0.18,999.65,999.83,"[999.65, 999.6, 999.55, 999.5, 999.45, 999.4, 999.35, 999.3, 999.25, 999.2]","[38.0, 90.0, 234.0, 40.0, 145.0, 51.0, 289.0, 23.0, 25.0, 139.0]","[999.83, 999.88, 999.93, 999.98, 1000.03, 1000.08, 1000.13, 1000.18, 1000.23, 1000.28]","[4.0, 21.0, 62.0, 29.0, 291.0, 98.0, 91.0, 115.0, 216.0, 67.0]",1074.0,994.0
1700000004.2,999.7175,0.51,999.46,999.97,"[999.46, 999.41, 999.36, 999.31, 999.26, 999.21, 999.16, 999.11, 999.06, 999.01]","[102.0, 47.0, 19.0, 31.0, 177.0, 116.0, 55.0, 5.0, 335.0, 31.0]","[999.97, 1000.02, 1000.07, 1000.12, 1000.17, 1000.22, 1000.27, 1000.32, 1000.37, 1000.42]","[30.0, 20.0, 34.0, 8.0, 37.0, 313.0, 85.0, 91.0, 151.0, 81.0]",918.0,850.0
1700000004.3,999.7086,0.1,999.66,999.76,"[999.66, 999.61, 999.56, 999.51, 999.46, 999.41, 999.36, 999.31, 999.26, 999.21]","[78.0, 79.0, 41.0, 93.0, 56.0, 15.0, 22.0, 518.0, 216.0, 83.0]","[999.76, 999.81, 999.86, 999.91, 999.96, 1000.01, 1000.06, 1000.11, 1000.16, 1000.21]","[71.0, 47.0, 123.0, 104.0, 155.0, 1.0, 603.0, 7.0, 85.0, 24.0]",1201.0,1220.0
1700000004.4,999.7015,0.1,999.65,999.75,"[999.65, 999.6, 999.55, 999.5, 999.45, 999.4, 999.35, 999.3, 999.25, 999.2]","[22.0, 188.0, 39.0, 286.0, 96.0, 62.0, 128.0, 134.0, 51.0, 54.0]","[999.75, 999.8, 999.85, 999.9, 999.95, 1000.0, 1000.05, 1000.1, 1000.15, 1000.2]","[115.0, 5.0, 58.0, 290.0, 42.0, 210.0, 52.0, 484.0, 26.0, 98.0]",1060.0,1380.0
1700000004.5,999.7464,0.27,999.61,999.88,"[999.61, 999.56, 999.51, 999.46, 999.41, 999.36, 999.31, 999.26, 999.21, 999.16]","[43.0, 100.0, 12.0, 152.0, 270.0, 179.0, 54.0, 35.0, 54.0, 24.0]","[999.88, 999.93, 999.98, 1000.03, 1000.08, 1000.13, 1000.18, 1000.23, 1000.28, 1000.33]","[55.0, 52.0, 64.0, 92.0, 252.0, 9.0, 71.0, 38.0, 211.0, 393.0]",923.0,1237.0
1700000004.6,999.7203,0.12,999.66,999.78,"[999.66, 999.61, 999.56, 999.51, 999.46, 999.41, 999.36, 999.31, 999.26, 999.21]","[2.0, 41.0, 30.0, 92.0, 74.0, 202.0, 77.0, 99.0, 318.0, 107.0]","[999.78, 999.83, 999.88, 999.93, 999.98, 1000.03, 1000.08, 1000.13, 1000.18, 1000.23]","[49.0, 16.0, 114.0, 98.0, 118.0, 141.0, 132.0, 13.0, 62.0, 388.0]",1042.0,1131.0
1700000004.7,999.7449,0.35,999.57,999.92,"[999.57, 999.52, 999.47, 999.42, 999.37, 999.32, 999.27, 999.22, 999.17, 999.12]","[147.0, 55.0, 62.0, 66.0, 7.0, 92.0, 186.0, 51.0, 380.0, 186.0]","[999.92, 999.97, 1000.02, 1000.07, 1000.12, 1000.17, 1000.22, 1000.27, 1000.32, 1000.37]","[60.0, 61.0, 136.0, 59.0, 86.0, 34.0, 101.0, 42.0, 307.0, 158.0]",1232.0,1044.0
1700000004.8,999.7479,0.32,999.59,999.91,"[999.59, 999.54, 999.49, 999.44, 999.39, 999.34, 999.29, 999.24, 999.19, 999.14]","[12.0, 17.0, 247.0, 87.0, 93.0, 2.0, 70.0, 358.0, 284.0, 94.0]","[999.91, 999.96, 1000.01, 1000.06, 1000.11, 1000.16, 1000.21, 1000.26, 1000.31, 1000.36]","[53.0, 30.0, 48.0, 41.0, 27.0, 99.0, 94.0, 477.0, 20.0, 111.0]",1264.0,1000.0
1700000004.9,999.7587,0.14,999.69,999.83,"[999.69, 999.64, 999.59, 999.54, 999.49, 999.44, 999.39, 999.34, 999.29, 999.24]","[133.0, 32.0, 13.0, 204.0, 8.0, 70.0, 58.0, 143.0, 221.0, 119.0]","[999.83, 999.88, 999.93, 999.98, 1000.03, 1000.08, 1000.13, 1000.18, 1000.23, 1000.28]","[94.0, 3.0, 31.0, 83.0, 52.0, 19.0, 32.0, 78.0, 72.0, 242.0]",1001.0,706.0
1700000005.0,999.7388,0.22,999.63,999.85,"[999.63, 999.58, 999.53, 999.48, 999.43, 999.38, 999.33, 999.28, 999.23, 999.18]","[49.0, 91.0, 237.0, 33.0, 237.0, 2.0, 425.0, 16.0, 20.0, 105.0]","[999.85, 999.9, 999.95, 1000.0, 1000.05, 1000.1, 1000.15, 1000.2, 1000.25, 1000.3]","[8.0, 1.0, 1.0, 32.0, 192.0, 16.0, 129.0, 267.0, 37.0, 63.0]",1215.0,746.0
1700000005.1,999.6864,0.24,999.57,999.81,"[999.57, 999.52, 999.47, 999.42, 999.37, 999.32, 999.27, 999.22, 999.17, 999.12]","[36.0, 121.0, 9.0, 147.0, 150.0, 57.0, 51.0, 128.0, 247.0, 297.0]","[999.81, 999.86, 999.91, 999.96, 1000.01, 1000.06, 1000.11, 1000.16, 1000.21, 1000.26]","[113.0, 13.0, 22.0, 128.0, 22.0, 1.0, 33.0, 56.0, 62.0, 208.0]",1243.0,658.0
1700000005.2,999.7105,0.1,999.66,999.76,"[999.66, 999.61, 999.56, 999.51, 999.46, 999.41, 999.36, 999.31, 999.26, 999.21]","[30.0, 84.0, 54.0, 99.0, 346.0, 177.0, 44.0, 27.0, 483.0, 200.0]","[999.76, 999.81, 999.86, 999.91, 999.96, 1000.01, 1000.06, 1000.11, 1000.16, 1000.21]","[89.0, 57.0, 70.0, 685.0, 273.0, 8.0, 26.0, 69.0, 72.0, 36.0]",1544.0,1385.0
1700000005.3,999.6855,0.11,999.63,999.74,"[999.63, 999.58, 999.53, 999.48, 999.43, 999.38, 999.33, 999.28, 999.23, 999.18]","[109.0, 28.0, 60.0, 52.0, 117.0, 36.0, 248.0, 530.0, 12.0, 1.0]","[999.74, 999.79, 999.84, 999.89, 999.94, 999.99, 1000.04, 1000.09, 1000.14, 1000.19]","[27.0, 50.0, 104.0, 51.0, 68.0, 116.0, 70.0, 529.0, 11.0, 22.0]",1193.0,1048.0
1700000005.4,999.7345,0.1,999.68,999.78,"[999.68, 999.63, 999.58, 999.53, 999.48, 999.43, 999.38, 999.33, 999.28, 999.23]","[86.0, 28.0, 18.0, 17.0, 106.0, 22.0, 79.0, 177.0, 219.0, 89.0]","[999.78, 999.83, 999.88, 999.93, 999.98, 1000.03, 1000.08, 1000.13, 1000.18, 1000.23]","[2.0, 29.0, 43.0, 59.0, 30.0, 526.0, 194.0, 15.0, 14.0, 111.0]",841.0,1023.0
1700000005.5,999.6783,0.1,999.63,999.73,"[999.63, 999.58, 999.53, 999.48, 999.43, 999.38, 999.33, 999.28, 999.23, 999.18]","[81.0, 70.0, 134.0, 164.0, 153.0, 118.0, 293.0, 155.0, 145.0, 139.0]","[999.73, 999.78, 999.83, 999.88, 999.93, 999.98, 1000.03, 1000.08, 1000.13, 1000.18]","[70.0, 23.0, 343.0, 153.0, 20.0, 159.0, 185.0, 20.0, 95.0, 63.0]",1452.0,1131.0
1700000005.6,999.7171,0.1,999.67,999.77,"[999.67, 999.62, 999.57, 999.52, 999.47, 999.42, 999.37, 999.32, 999.27, 999.22]","[68.0, 46.0, 28.0, 22.0, 198.0, 77.0, 169.0, 86.0, 51.0, 259.0]","[999.77, 999.82, 999.87, 999.92, 999.97, 1000.02, 1000.07, 1000.12, 1000.17, 1000.22]","[36.0, 67.0, 151.0, 245.0, 140.0, 122.0, 223.0, 50.0, 66.0, 242.0]",1004.0,1342.0
1700000005.7,999.7195,0.1,999.67,999.77,"[999.67, 999.62, 999.57, 999.52, 999.47, 999.42, 999.37, 999.32, 999.27, 999.22]","[106.0, 110.0, 32.0, 58.0, 192.0, 12.0, 179.0, 29.0, 332.0, 119.0]","[999.77, 999.82, 999.87, 999.92, 999.97, 1000.02, 1000.07, 1000.12, 1000.17, 1000.22]","[9.0, 1.0, 3.0, 38.0, 169.0, 5.0, 187.0, 347.0, 73.0, 247.0]",1169.0,1079.0
1700000005.8,999.721,0.1,999.67,999.77,"[999.67, 999.62, 999.57, 999.52, 999.47, 999.42, 999.37, 999.32, 999.27, 999.22]","[14.0, 36.0, 99.0, 165.0, 52.0, 90.0, 562.0, 123.0, 91.0, 319.0]","[999.77, 999.82, 999.87, 999.92, 999.97, 1000.02, 1000.07, 1000.12, 1000.17, 1000.22]","[273.0, 35.0, 88.0, 234.0, 49.0, 74.0, 109.0, 133.0, 227.0, 222.0]",1551.0,1444.0
1700000005.9,999.659,0.1,999.61,999.71,"[999.61, 999.56, 999.51, 999.46, 999.41, 999.36, 999.31, 999.26, 999.21, 999.16]","[27.0, 167.0, 46.0, 26.0, 107.0, 229.0, 44.0, 139.0, 68.0, 6.0]","[999.71, 999.76, 999.81, 999.86, 999.91, 999.96, 1000.01, 1000.06, 1000.11, 1000.16]","[14.0, 76.0, 112.0, 25.0, 109.0, 70.0, 130.0, 6.0, 27.0, 40.0]",859.0,609.0
1700000006.0,999.6193,0.11,999.56,999.67,"[999.56, 999.51, 999.46, 999.41, 999.36, 999.31, 999.26, 999.21, 999.16, 999.11]","[28.0, 36.0, 11.0, 275.0, 46.0, 100.0, 278.0, 21.0, 142.0, 92.0]","[999.67, 999.72, 999.77, 999.82, 999.87, 999.92, 999.97, 1000.02, 1000.07, 1000.12]","[84.0, 43.0, 35.0, 1.0, 297.0, 14.0, 137.0, 58.0, 560.0, 31.0]",1029.0,1260.0
1700000006.1,999.6333,0.83,999.22,1000.05,"[999.22, 999.17, 999.12, 999.07, 999.02, 998.97, 998.92, 998.87, 998.82, 998.77]","[16.0, 7.0, 85.0, 29.0, 43.0, 169.0, 297.0, 144.0, 279.0, 23.0]","[1000.05, 1000.1, 1000.15, 1000.2, 1000.25, 1000.3, 1000.35, 1000.4, 1000.45, 1000.5]","[125.0, 9.0, 10.0, 29.0, 82.0, 23.0, 361.0, 39.0, 365.0, 462.0]",1092.0,1505.0
1700000006.2,999.6327,0.45,999.41,999.86,"[999.41, 999.36, 999.31, 999.26, 999.21, 999.16, 999.11, 999.06, 999.01, 998.96]","[83.0, 34.0, 134.0, 109.0, 36.0, 465.0, 136.0, 289.0, 96.0, 198.0]","[999.86, 999.91, 999.96, 1000.01, 1000.06, 1000.11, 1000.16, 1000.21, 1000.26, 1000.31]","[14.0, 24.0, 115.0, 193.0, 451.0, 87.0, 4.0, 28.0, 32.0, 617.0]",1580.0,1565.0
1700000006.3,999.6478,0.1,999.6,999.7,"[999.6, 999.55, 999.5, 999.45, 999.4, 999.35, 999.3, 999.25, 999.2, 999.15]","[136.0, 51.0, 35.0, 3.0, 11.0, 31.0, 38.0, 94.0, 154.0, 52.0]","[999.7, 999.75, 999.8, 999.85, 999.9, 999.95, 1000.0, 1000.05, 1000.1, 1000.15]","[43.0, 36.0, 142.0, 73.0, 77.0, 60.0, 94.0, 57.0, 49.0, 160.0]",605.0,791.0
1700000006.4,999.6721,0.1,999.62,999.72,"[999.62, 999.57, 999.52, 999.47, 999.42, 999.37, 999.32, 999.27, 999.22, 999.17]","[160.0, 75.0, 41.0, 105.0, 198.0, 495.0, 117.0, 9.0, 122.0, 16.0]","[999.72, 999.77, 999.82, 999.87, 999.92, 999.97, 1000.02, 1000.07, 1000.12, 1000.17]","[171.0, 10.0, 6.0, 220.0, 63.0, 90.0, 82.0, 411.0, 148.0, 119.0]",1338.0,1320.0
1700000006.5,999.6811,0.58,999.39,999.97,"[999.39, 999.34, 999.29, 999.24, 999.19, 999.14, 999.09, 999.04, 998.99, 998.94]","[13.0, 180.0, 4.0, 194.0, 62.0, 542.0, 249.0, 20.0, 23.0, 73.0]","[999.97, 1000.02, 1000.07, 1000.12, 1000.17, 1000.22, 1000.27, 1000.32, 1000.37, 1000.42]","[175.0, 58.0, 71.0, 169.0, 135.0, 149.0, 269.0, 131.0, 224.0, 92.0]",1360.0,1473.0
1700000006.6,999.6926,0.19,999.6,999.79,"[999.6, 999.55, 999.5, 999.45, 999.4, 999.35, 999.3, 999.25, 999.2, 999.15]","[25.0, 112.0, 191.0, 17.0, 202.0, 9.0, 33.0, 131.0, 328.0, 676.0]","[999.79, 999.84, 999.89, 999.94, 999.99, 1000.04, 1000.09, 1000.14, 1000.19, 1000.24]","[52.0, 4.0, 122.0, 22.0, 28.0, 12.0, 93.0, 63.0, 348.0, 234.0]",1724.0,978.0
1700000006.7,999.6723,0.1,999.62,999.72,"[999.62, 999.57, 999.52, 999.47, 999.42, 999.37, 999.32, 999.27, 999.22, 999.17]","[36.0, 19.0, 4.0, 42.0, 32.0, 163.0, 148.0, 40.0, 339.0, 153.0]","[999.72, 999.77, 999.82, 999.87, 999.92, 999.97, 1000.02, 1000.07, 1000.12, 1000.17]","[151.0, 97.0, 186.0, 302.0, 57.0, 138.0, 24.0, 43.0, 39.0, 114.0]",976.0,1151.0
1700000006.8,999.6713,0.17,999.59,999.76,"[999.59, 999.54, 999.49, 999.44, 999.39, 999.34, 999.29, 999.24, 999.19, 999.14]","[1.0, 16.0, 100.0, 96.0, 35.0, 46.0, 211.0, 114.0, 155.0, 105.0]","[999.76, 999.81, 999.86, 999.91, 999.96, 1000.01, 1000.06, 1000.11, 1000.16, 1000.21]","[68.0, 145.0, 268.0, 107.0, 57.0, 20.0, 5.0, 479.0, 230.0, 92.0]",879.0,1471.0
1700000006.9,999.679,0.38,999.49,999.87,"[999.49, 999.44, 999.39, 999.34, 999.29, 999.24, 999.19, 999.14, 999.09, 999.04]","[194.0, 14.0, 73.0, 151.0, 511.0, 178.0, 137.0, 179.0, 60.0, 212.0]","[999.87, 999.92, 999.97, 1000.02, 1000.07, 1000.12, 1000.17, 1000.22, 1000.27, 1000.32]","[99.0, 20.0, 215.0, 10.0, 54.0, 23.0, 12.0, 570.0, 54.0, 133.0]",1709.0,1190.0
1700000007.0,999.6633,0.1,999.61,999.71,"[999.61, 999.56, 999.51, 999.46, 999.41, 999.36, 999.31, 999.26, 999.21, 999.16]","[17.0, 21.0, 30.0, 63.0, 45.0, 211.0, 101.0, 81.0, 44.0, 266.0]","[999.71, 999.76, 999.81, 999.86, 999.91, 999.96, 1000.01, 1000.06, 1000.11, 1000.16]","[24.0, 32.0, 266.0, 6.0, 58.0, 115.0, 193.0, 205.0, 55.0, 1.0]",879.0,955.0
1700000007.1,999.689,0.18,999.6,999.78,"[999.6, 999.55, 999.5, 999.45, 999.4, 999.35, 999.3, 999.25, 999.2, 999.15]","[5.0, 46.0, 16.0, 12.0, 94.0, 140.0, 136.0, 57.0, 157.0, 113.0]","[999.78, 999.83, 999.88, 999.93, 999.98, 1000.03, 1000.08, 1000.13, 1000.18, 1000.23]","[36.0, 83.0, 72.0, 95.0, 181.0, 58.0, 104.0, 161.0, 303.0, 55.0]",776.0,1148.0
1700000007.2,999.7206,0.1,999.67,999.77,"[999.67, 999.62, 999.57, 999.52, 999.47, 999.42, 999.37, 999.32, 999.27, 999.22]","[20.0, 36.0, 9.0, 205.0, 217.0, 384.0, 126.0, 176.0, 60.0, 5.0]","[999.77, 999.82, 999.87, 999.92, 999.97, 1000.02, 1000.07, 1000.12, 1000.17, 1000.22]","[66.0, 14.0, 23.0, 473.0, 18.0, 12.0, 11.0, 166.0, 76.0, 75.0]",1238.0,934.0
1700000007.3,999.7254,0.19,999.63,999.82,"[999.63, 999.58, 999.53, 999.48, 999.43, 999.38, 999.33, 999.28, 999.23, 999.18]","[40.0, 7.0, 11.0, 237.0, 233.0, 104.0, 343.0, 12.0, 137.0, 212.0]","[999.82, 999.87, 999.92, 999.97, 1000.02, 1000.07, 1000.12, 1000.17, 1000.22, 1000.27]","[93.0, 56.0, 67.0, 33.0, 121.0, 17.0, 273.0, 105.0, 19.0, 66.0]",1336.0,850.0
1700000007.4,999.7268,0.7,999.38,1000.08,"[999.38, 999.33, 999.28, 999.23, 999.18, 999.13, 999.08, 999.03, 998.98, 998.93]","[56.0, 102.0, 370.0, 130.0, 8.0, 155.0, 208.0, 59.0, 30.0, 151.0]","[1000.08, 1000.13, 1000.18, 1000.23, 1000.28, 1000.33, 1000.38, 1000.43, 1000.48, 1000.53]","[311.0, 100.0, 164.0, 141.0, 47.0, 120.0, 410.0, 56.0, 10.0, 1409.0]",1269.0,2768.0
1700000007.5,999.7338,0.93,999.27,1000.2,"[999.27, 999.22, 999.17, 999.12, 999.07, 999.02, 998.97, 998.92, 998.87, 998.82]","[45.0, 54.0, 85.0, 82.0, 362.0, 68.0, 23.0, 303.0, 195.0, 7.0]","[1000.2, 1000.25, 1000.3, 1000.35, 1000.4, 1000.45, 1000.5, 1000.55, 1000.6, 1000.65]","[57.0, 108.0, 31.0, 50.0, 14.0, 43.0, 158.0, 5.0, 255.0, 538.0]",1224.0,1259.0
1700000007.6,999.7205,0.12,999.66,999.78,"[999.66, 999.61, 999.56, 999.51, 999.46, 999.41, 999.36, 999.31, 999.26, 999.21]","[12.0, 43.0, 127.0, 102.0, 58.0, 27.0, 565.0, 48.0, 62.0, 1.0]","[999.78, 999.83, 999.88, 999.93, 999.98, 1000.03, 1000.08, 1000.13, 1000.18, 1000.23]","[223.0, 99.0, 159.0, 184.0, 59.0, 74.0, 235.0, 199.0, 14.0, 128.0]",1045.0,1374.0
1700000007.7,999.7059,0.19,999.61,999.8,"[999.61, 999.56, 999.51, 999.46, 999.41, 999.36, 999.31, 999.26, 999.21, 999.16]","[51.0, 20.0, 322.0, 233.0, 79.0, 55.0, 45.0, 82.0, 28.0, 52.0]","[999.8, 999.85, 999.9, 999.95, 1000.0, 1000.05, 1000.1, 1000.15, 1000.2, 1000.25]","[2.0, 128.0, 7.0, 5.0, 215.0, 97.0, 181.0, 269.0, 117.0, 249.0]",967.0,1270.0
1700000007.8,999.7006,0.76,999.32,1000.08,"[999.32, 999.27, 999.22, 999.17, 999.12, 999.07, 999.02, 998.97, 998.92, 998.87]","[85.0, 24.0, 57.0, 21.0, 140.0, 35.0, 102.0, 116.0, 139.0, 53.0]","[1000.08, 1000.13, 1000.18, 1000.23, 1000.28, 1000.33, 1000.38, 1000.43, 1000.48, 1000.53]","[37.0, 122.0, 24.0, 41.0, 133.0, 29.0, 425.0, 225.0, 248.0, 232.0]",772.0,1516.0
1700000007.9,999.7281,0.12,999.67,999.79,"[999.67, 999.62, 999.57, 999.52, 999.47, 999.42, 999.37, 999.32, 999.27, 999.22]","[36.0, 50.0, 111.0, 36.0, 67.0, 437.0, 402.0, 55.0, 187.0, 46.0]","[999.79, 999.84, 999.89, 999.94, 999.99, 1000.04, 1000.09, 1000.14, 1000.19, 1000.24]","[21.0, 25.0, 86.0, 252.0, 70.0, 378.0, 312.0, 117.0, 194.0, 177.0]",1427.0,1632.0
1700000008.0,999.756,0.18,999.67,999.85,"[999.67, 999.62, 999.57, 999.52, 999.47, 999.42, 999.37, 999.32, 999.27, 999.22]","[36.0, 60.0, 69.0, 28.0, 3.0, 63.0, 63.0, 926.0, 142.0, 164.0]","[999.85, 999.9, 999.95, 1000.0, 1000.05, 1000.1, 1000.15, 1000.2, 1000.25, 1000.3]","[54.0, 77.0, 14.0, 62.0, 9.0, 1.0, 102.0, 618.0, 109.0, 14.0]",1554.0,1060.0
1700000008.1,999.7479,0.1,999.7,999.8,"[999.7, 999.65, 999.6, 999.55, 999.5, 999.45, 999.4, 999.35, 999.3, 999.25]","[65.0, 25.0, 83.0, 53.0, 114.0, 120.0, 308.0, 57.0, 72.0, 120.0]","[999.8, 999.85, 999.9, 999.95, 1000.0, 1000.05, 1000.1, 1000.15, 1000.2, 1000.25]","[37.0, 15.0, 64.0, 127.0, 33.0, 269.0, 250.0, 256.0, 237.0, 197.0]",1017.0,1485.0
1700000008.2,999.7784,0.22,999.67,999.89,"[999.67, 999.62, 999.57, 999.52, 999.47, 999.42, 999.37, 999.32, 999.27, 999.22]","[96.0, 37.0, 15.0, 299.0, 286.0, 56.0, 70.0, 244.0, 100.0, 112.0]","[999.89, 999.94, 999.99, 1000.04, 1000.09, 1000.14, 1000.19, 1000.24, 1000.29, 1000.34]","[39.0, 18.0, 67.0, 23.0, 49.0, 43.0, 11.0, 325.0, 68.0, 68.0]",1315.0,711.0
1700000008.3,999.7792,0.18,999.69,999.87,"[999.69, 999.64, 999.59, 999.54, 999.49, 999.44, 999.39, 999.34, 999.29, 999.24]","[3.0, 37.0, 34.0, 63.0, 23.0, 24.0, 14.0, 200.0, 5.0, 287.0]","[999.87, 999.92, 999.97, 1000.02, 1000.07, 1000.12, 1000.17, 1000.22, 1000.27, 1000.32]","[9.0, 94.0, 103.0, 105.0, 4.0, 55.0, 150.0, 3.0, 65.0, 96.0]",690.0,684.0
1700000008.4,999.7699,0.1,999.72,999.82,"[999.72, 999.67, 999.62, 999.57, 999.52, 999.47, 999.42, 999.37, 999.32, 999.27]","[11.0, 222.0, 37.0, 44.0, 159.0, 154.0, 81.0, 150.0, 69.0, 221.0]","[999.82, 999.87, 999.92, 999.97, 1000.02, 1000.07, 1000.12, 1000.17, 1000.22, 1000.27]","[8.0, 10.0, 35.0, 2.0, 29.0, 93.0, 60.0, 23.0, 1061.0, 363.0]",1148.0,1684.0
1700000008.5,999.7956,0.37,999.61,999.98,"[999.61, 999.56, 999.51, 999.46, 999.41, 999.36, 999.31, 999.26, 999.21, 999.16]","[129.0, 90.0, 5.0, 79.0, 81.0, 96.0, 17.0, 195.0, 363.0, 16.0]","[999.98, 1000.03, 1000.08, 1000.13, 1000.18, 1000.23, 1000.28, 1000.33, 1000.38, 1000.43]","[16.0, 1.0, 139.0, 457.0, 2.0, 286.0, 82.0, 448.0, 639.0, 300.0]",1071.0,2370.0
1700000008.6,999.8094,0.16,999.73,999.89,"[999.73, 999.68, 999.63, 999.58, 999.53, 999.48, 999.43, 999.38, 999.33, 999.28]","[9.0, 308.0, 51.0, 24.0, 39.0, 422.0, 16.0, 203.0, 376.0, 96.0]","[999.89, 999.94, 999.99, 1000.04, 1000.09, 1000.14, 1000.19, 1000.24, 1000.29, 1000.34]","[55.0, 53.0, 49.0, 49.0, 8.0, 43.0, 27.0, 94.0, 239.0, 50.0]",1544.0,667.0
1700000008.7,999.7756,0.1,999.73,999.83,"[999.73, 999.68, 999.63, 999.58, 999.53, 999.48, 999.43, 999.38, 999.33, 999.28]","[78.0, 130.0, 12.0, 222.0, 169.0, 12.0, 155.0, 139.0, 126.0, 15.0]","[999.83, 999.88, 999.93, 999.98, 1000.03, 1000.08, 1000.13, 1000.18, 1000.23, 1000.28]","[52.0, 51.0, 25.0, 57.0, 162.0, 6.0, 77.0, 285.0, 95.0, 362.0]",1058.0,1172.0
1700000008.8,999.7983,0.3,999.65,999.95,"[999.65, 999.6, 999.55, 999.5, 999.45, 999.4, 999.35, 999.3, 999.25, 999.2]","[139.0, 10.0, 141.0, 29.0, 13.0, 13.0, 73.0, 2.0, 48.0, 97.0]","[999.95, 1000.0, 1000.05, 1000.1, 1000.15, 1000.2, 1000.25, 1000.3, 1000.35, 1000.4]","[29.0, 15.0, 31.0, 19.0, 31.0, 150.0, 75.0, 212.0, 47.0, 5.0]",565.0,614.0
1700000008.9,999.8377,0.25,999.71,999.96,"[999.71, 999.66, 999.61, 999.56, 999.51, 999.46, 999.41, 999.36, 999.31, 999.26]","[5.0, 74.0, 10.0, 34.0, 90.0, 13.0, 137.0, 118.0, 182.0, 15.0]","[999.96, 1000.01, 1000.06, 1000.11, 1000.16, 1000.21, 1000.26, 1000.31, 1000.36, 1000.41]","[15.0, 107.0, 2.0, 165.0, 144.0, 12.0, 23.0, 233.0, 112.0, 101.0]",678.0,914.0
1700000009.0,999.821,0.12,999.76,999.88,"[999.76, 999.71, 999.66, 999.61, 999.56, 999.51, 999.46, 999.41, 999.36, 999.31]","[22.0, 34.0, 142.0, 3.0, 241.0, 42.0, 46.0, 175.0, 334.0, 151.0]","[999.88, 999.93, 999.98, 1000.03, 1000.08, 1000.13, 1000.18, 1000.23, 1000.28, 1000.33]","[14.0, 7.0, 43.0, 7.0, 210.0, 43.0, 181.0, 254.0, 146.0, 245.0]",1190.0,1150.0
1700000009.1,999.8243,0.1,999.77,999.87,"[999.77, 999.72, 999.67, 999.62, 999.57, 999.52, 999.47, 999.42, 999.37, 999.32]","[63.0, 76.0, 12.0, 135.0, 49.0, 335.0, 259.0, 112.0, 159.0, 26.0]","[999.87, 999.92, 999.97, 1000.02, 1000.07, 1000.12, 1000.17, 1000.22, 1000.27, 1000.32]","[34.0, 38.0, 37.0, 58.0, 456.0, 19.0, 13.0, 93.0, 68.0, 192.0]",1226.0,1008.0
1700000009.2,999.7898,0.38,999.6,999.98,"[999.6, 999.55, 999.5, 999.45, 999.4, 999.35, 999.3, 999.25, 999.2, 999.15]","[82.0, 13.0, 11.0, 108.0, 4.0, 38.0, 281.0, 21.0, 146.0, 115.0]","[999.98, 1000.03, 1000.08, 1000.13, 1000.18, 1000.23, 1000.28, 1000.33, 1000.38, 1000.43]","[166.0, 30.0, 136.0, 224.0, 18.0, 81.0, 104.0, 100.0, 297.0, 9.0]",819.0,1165.0
1700000009.3,999.8031,0.1,999.75,999.85,"[999.75, 999.7, 999.65, 999.6, 999.55, 999.5, 999.45, 999.4, 999.35, 999.3]","[4.0, 17.0, 30.0, 37.0, 3.0, 91.0, 24.0, 82.0, 111.0, 167.0]","[999.85, 999.9, 999.95, 1000.0, 1000.05, 1000.1, 1000.15, 1000.2, 1000.25, 1000.3]","[24.0, 6.0, 1.0, 47.0, 174.0, 437.0, 184.0, 69.0, 455.0, 444.0]",566.0,1841.0
1700000009.4,999.8188,0.5,999.57,1000.07,"[999.57, 999.52, 999.47, 999.42, 999.37, 999.32, 999.27, 999.22, 999.17, 999.12]","[69.0, 48.0, 124.0, 94.0, 252.0, 31.0, 21.0, 94.0, 21.0, 115.0]","[1000.07, 1000.12, 1000.17, 1000.22, 1000.27, 1000.32, 1000.37, 1000.42, 1000.47, 1000.52]","[57.0, 124.0, 280.0, 36.0, 53.0, 55.0, 7.0, 27.0, 18.0, 152.0]",869.0,809.0
1700000009.5,999.8123,0.56,999.53,1000.09,"[999.53, 999.48, 999.43, 999.38, 999.33, 999.28, 999.23, 999.18, 999.13, 999.08]","[1.0, 21.0, 40.0, 86.0, 29.0, 47.0, 37.0, 178.0, 45.0, 230.0]","[1000.09, 1000.14, 1000.19, 1000.24, 1000.29, 1000.34, 1000.39, 1000.44, 1000.49, 1000.54]","[62.0, 49.0, 29.0, 11.0, 62.0, 140.0, 1333.0, 58.0, 24.0, 17.0]",714.0,1785.0
1700000009.6,999.8203,0.14,999.75,999.89,"[999.75, 999.7, 999.65, 999.6, 999.55, 999.5, 999.45, 999.4, 999.35, 999.3]","[18.0, 38.0, 33.0, 53.0, 107.0, 32.0, 189.0, 245.0, 25.0, 29.0]","[999.89, 999.94, 999.99, 1000.04, 1000.09, 1000.14, 1000.19, 1000.24, 1000.29, 1000.34]","[28.0, 88.0, 36.0, 488.0, 181.0, 7.0, 123.0, 205.0, 23.0, 349.0]",769.0,1528.0
1700000009.7,999.8073,0.1,999.76,999.86,"[999.76, 999.71, 999.66, 999.61, 999.56, 999.51, 999.46, 999.41, 999.36, 999.31]","[47.0, 4.0, 84.0, 27.0, 26.0, 151.0, 96.0, 197.0, 133.0, 396.0]","[999.86, 999.91, 999.96, 1000.01, 1000.06, 1000.11, 1000.16, 1000.21, 1000.26, 1000.31]","[80.0, 32.0, 84.0, 12.0, 133.0, 15.0, 3.0, 80.0, 74.0, 210.0]",1161.0,723.0
1700000009.8,999.7607,0.46,999.53,999.99,"[999.53, 999.48, 999.43, 999.38, 999.33, 999.28, 999.23, 999.18, 999.13, 999.08]","[92.0, 180.0, 8.0, 41.0, 21.0, 31.0, 82.0, 47.0, 42.0, 82.0]","[999.99, 1000.04, 1000.09, 1000.14, 1000.19, 1000.24, 1000.29, 1000.34, 1000.39, 1000.44]","[38.0, 12.0, 32.0, 60.0, 227.0, 96.0, 387.0, 463.0, 37.0, 18.0]",626.0,1370.0
1700000009.9,999.7877,0.48,999.55,1000.03,"[999.55, 999.5, 999.45, 999.4, 999.35, 999.3, 999.25, 999.2, 999.15, 999.1]","[207.0, 93.0, 9.0, 90.0, 83.0, 219.0, 30.0, 29.0, 145.0, 24.0]","[1000.03, 1000.08, 1000.13, 1000.18, 1000.23, 1000.28, 1000.33, 1000.38, 1000.43, 1000.48]","[7.0, 150.0, 219.0, 196.0, 144.0, 49.0, 56.0, 290.0, 595.0, 1.0]",929.0,1707.0
1700000010.0,999.7915,0.1,999.74,999.84,"[999.74, 999.69, 999.64, 999.59, 999.54, 999.49, 999.44, 999.39, 999.34, 999.29]","[88.0, 16.0, 36.0, 98.0, 31.0, 304.0, 22.0, 11.0, 545.0, 305.0]","[999.84, 999.89, 999.94, 999.99, 1000.04, 1000.09, 1000.14, 1000.19, 1000.24, 1000.29]","[24.0, 42.0, 87.0, 153.0, 52.0, 128.0, 44.0, 5.0, 308.0, 20.0]",1456.0,863.0
1700000010.1,999.7901,0.44,999.57,1000.01,"[999.57, 999.52, 999.47, 999.42, 999.37, 999.32, 999.27, 999.22, 999.17, 999.12]","[115.0, 39.0, 65.0, 42.0, 58.0, 35.0, 34.0, 64.0, 305.0, 593.0]","[1000.01, 1000.06, 1000.11, 1000.16, 1000.21, 1000.26, 1000.31, 1000.36, 1000.41, 1000.46]","[81.0, 80.0, 52.0, 32.0, 110.0, 8.0, 541.0, 191.0, 358.0, 2.0]",1350.0,1455.0
1700000010.2,999.7629,0.29,999.62,999.91,"[999.62, 999.57, 999.52, 999.47, 999.42, 999.37, 999.32, 999.27, 999.22, 999.17]","[1.0, 50.0, 20.0, 36.0, 137.0, 34.0, 53.0, 149.0, 30.0, 226.0]","[999.91, 999.96, 1000.01, 1000.06, 1000.11, 1000.16, 1000.21, 1000.26, 1000.31, 1000.36]","[94.0, 155.0, 60.0, 24.0, 20.0, 22.0, 5.0, 209.0, 114.0, 405.0]",736.0,1108.0
1700000010.3,999.7861,0.61,999.48,1000.09,"[999.48, 999.43, 999.38, 999.33, 999.28, 999.23, 999.18, 999.13, 999.08, 999.03]","[29.0, 8.0, 1.0, 21.0, 209.0, 28.0, 172.0, 13.0, 99.0, 182.0]","[1000.09, 1000.14, 1000.19, 1000.24, 1000.29, 1000.34, 1000.39, 1000.44, 1000.49, 1000.54]","[87.0, 70.0, 4.0, 143.0, 1.0, 25.0, 336.0, 194.0, 199.0, 129.0]",762.0,1188.0
1700000010.4,999.7962,0.1,999.75,999.85,"[999.75, 999.7, 999.65, 999.6, 999.55, 999.5, 999.45, 999.4, 999.35, 999.3]","[39.0, 29.0, 32.0, 101.0, 32.0, 120.0, 73.0, 766.0, 45.0, 14.0]","[999.85, 999.9, 999.95, 1000.0, 1000.05, 1000.1, 1000.15, 1000.2, 1000.25, 1000.3]","[111.0, 222.0, 90.0, 4.0, 2.0, 14.0, 296.0, 546.0, 26.0, 32.0]",1251.0,1343.0
1700000010.5,999.8173,0.39,999.62,1000.01,"[999.62, 999.57, 999.52, 999.47, 999.42, 999.37, 999.32, 999.27, 999.22, 999.17]","[49.0, 60.0, 1.0, 58.0, 74.0, 34.0, 6.0, 164.0, 174.0, 67.0]","[1000.01, 1000.06, 1000.11, 1000.16, 1000.21, 1000.26, 1000.31, 1000.36, 1000.41, 1000.46]","[89.0, 107.0, 105.0, 60.0, 532.0, 37.0, 91.0, 303.0, 243.0, 128.0]",687.0,1695.0
1700000010.6,999.8085,0.34,999.64,999.98,"[999.64, 999.59, 999.54, 999.49, 999.44, 999.39, 999.34, 999.29, 999.24, 999.19]","[31.0, 8.0, 20.0, 76.0, 6.0, 134.0, 12.0, 65.0, 176.0, 36.0]","[999.98, 1000.03, 1000.08, 1000.13, 1000.18, 1000.23, 1000.28, 1000.33, 1000.38, 1000.43]","[36.0, 363.0, 6.0, 93.0, 119.0, 138.0, 418.0, 196.0, 565.0, 130.0]",564.0,2064.0
1700000010.7,999.8256,0.73,999.46,1000.19,"[999.46, 999.41, 999.36, 999.31, 999.26, 999.21, 999.16, 999.11, 999.06, 999.01]","[47.0, 22.0, 118.0, 97.0, 144.0, 118.0, 264.0, 77.0, 33.0, 47.0]","[1000.19, 1000.24, 1000.29, 1000.34, 1000.39, 1000.44, 1000.49, 1000.54, 1000.59, 1000.64]","[64.0, 65.0, 249.0, 73.0, 36.0, 542.0, 368.0, 271.0, 399.0, 100.0]",967.0,2167.0
1700000010.8,999.8328,0.1,999.78,999.88,"[999.78, 999.73, 999.68, 999.63, 999.58, 999.53, 999.48, 999.43, 999.38, 999.33]","[114.0, 100.0, 5.0, 113.0, 39.0, 426.0, 224.0, 178.0, 137.0, 40.0]","[999.88, 999.93, 999.98, 1000.03, 1000.08, 1000.13, 1000.18, 1000.23, 1000.28, 1000.33]","[64.0, 52.0, 150.0, 41.0, 126.0, 14.0, 34.0, 36.0, 77.0, 388.0]",1376.0,982.0
1700000010.9,999.8324,0.16,999.75,999.91,"[999.75, 999.7, 999.65, 999.6, 999.55, 999.5, 999.45, 999.4, 999.35, 999.3]","[4.0, 41.0, 55.0, 41.0, 122.0, 89.0, 26.0, 146.0, 123.0, 79.0]","[999.91, 999.96, 1000.01, 1000.06, 1000.11, 1000.16, 1000.21, 1000.26, 1000.31, 1000.36]","[1.0, 36.0, 200.0, 177.0, 98.0, 27.0, 213.0, 270.0, 8.0, 489.0]",726.0,1519.0
1700000011.0,999.8517,0.1,999.8,999.9,"[999.8, 999.75, 999.7, 999.65, 999.6, 999.55, 999.5, 999.45, 999.4, 999.35]","[22.0, 5.0, 132.0, 71.0, 139.0, 136.0, 194.0, 98.0, 50.0, 110.0]","[999.9, 999.95, 1000.0, 1000.05, 1000.1, 1000.15, 1000.2, 1000.25, 1000.3, 1000.35]","[9.0, 275.0, 45.0, 31.0, 50.0, 60.0, 99.0, 110.0, 61.0, 134.0]",957.0,874.0
1700000011.1,999.8401,0.1,999.79,999.89,"[999.79, 999.74, 999.69, 999.64, 999.59, 999.54, 999.49, 999.44, 999.39, 999.34]","[11.0, 234.0, 138.0, 323.0, 137.0, 261.0, 13.0, 309.0, 141.0, 402.0]","[999.89, 999.94, 999.99, 1000.04, 1000.09, 1000.14, 1000.19, 1000.24, 1000.29, 1000.34]","[47.0, 1.0, 31.0, 22.0, 152.0, 138.0, 51.0, 84.0, 42.0, 42.0]",1969.0,610.0
1700000011.2,999.8593,0.15,999.78,999.93,"[999.78, 999.73, 999.68, 999.63, 999.58, 999.53, 999.48, 999.43, 999.38, 999.33]","[16.0, 40.0, 68.0, 85.0, 26.0, 45.0, 2.0, 83.0, 236.0, 7.0]","[999.93, 999.98, 1000.03, 1000.08, 1000.13, 1000.18, 1000.23, 1000.28, 1000.33, 1000.38]","[91.0, 148.0, 67.0, 173.0, 68.0, 41.0, 9.0, 8.0, 312.0, 512.0]",608.0,1429.0
1700000011.3,999.8446,0.45,999.62,1000.07,"[999.62, 999.57, 999.52, 999.47, 999.42, 999.37, 999.32, 999.27, 999.22, 999.17]","[51.0, 109.0, 76.0, 86.0, 47.0, 118.0, 42.0, 9.0, 130.0, 18.0]","[1000.07, 1000.12, 1000.17, 1000.22, 1000.27, 1000.32, 1000.37, 1000.42, 1000.47, 1000.52]","[28.0, 1.0, 76.0, 36.0, 15.0, 67.0, 70.0, 229.0, 429.0, 261.0]",686.0,1212.0
1700000011.4,999.8708,1.26,999.24,1000.5,"[999.24, 999.19, 999.14, 999.09, 999.04, 998.99, 998.94, 998.89, 998.84, 998.79]","[26.0, 33.0, 135.0, 154.0, 15.0, 113.0, 17.0, 282.0, 13.0, 142.0]","[1000.5, 1000.55, 1000.6, 1000.65, 1000.7, 1000.75, 1000.8, 1000.85, 1000.9, 1000.95]","[104.0, 38.0, 99.0, 84.0, 220.0, 382.0, 177.0, 402.0, 74.0, 146.0]",930.0,1726.0
1700000011.5,999.8917,0.54,999.62,1000.16,"[999.62, 999.57, 999.52, 999.47, 999.42, 999.37, 999.32, 999.27, 999.22, 999.17]","[85.0, 24.0, 38.0, 300.0, 30.0, 64.0, 64.0, 4.0, 152.0, 100.0]","[1000.16, 1000.21, 1000.26, 1000.31, 1000.36, 1000.41, 1000.46, 1000.51, 1000.56, 1000.61]","[7.0, 1.0, 44.0, 163.0, 170.0, 34.0, 51.0, 103.0, 16.0, 189.0]",861.0,778.0
1700000011.6,999.867,0.43,999.65,1000.08,"[999.65, 999.6, 999.55, 999.5, 999.45, 999.4, 999.35, 999.3, 999.25, 999.2]","[52.0, 24.0, 133.0, 217.0, 86.0, 40.0, 465.0, 313.0, 415.0, 207.0]","[1000.08, 1000.13, 1000.18, 1000.23, 1000.28, 1000.33, 1000.38, 1000.43, 1000.48, 1000.53]","[52.0, 77.0, 14.0, 89.0, 21.0, 37.0, 55.0, 224.0, 122.0, 133.0]",1952.0,824.0
1700000011.7,999.8445,0.15,999.77,999.92,"[999.77, 999.72, 999.67, 999.62, 999.57, 999.52, 999.47, 999.42, 999.37, 999.32]","[63.0, 5.0, 41.0, 71.0, 13.0, 77.0, 88.0, 191.0, 67.0, 203.0]","[999.92, 999.97, 1000.02, 1000.07, 1000.12, 1000.17, 1000.22, 1000.27, 1000.32, 1000.37]","[68.0, 77.0, 26.0, 124.0, 132.0, 49.0, 37.0, 58.0, 29.0, 152.0]",819.0,752.0
1700000011.8,999.8812,0.12,999.82,999.94,"[999.82, 999.77, 999.72, 999.67, 999.62, 999.57, 999.52, 999.47, 999.42, 999.37]","[18.0, 7.0, 183.0, 81.0, 167.0, 224.0, 214.0, 86.0, 170.0, 8.0]","[999.94, 999.99, 1000.04, 1000.09, 1000.14, 1000.19, 1000.24, 1000.29, 1000.34, 1000.39]","[85.0, 155.0, 219.0, 26.0, 27.0, 86.0, 143.0, 143.0, 340.0, 140.0]",1158.0,1364.0
1700000011.9,999.8683,0.16,999.79,999.95,"[999.79, 999.74, 999.69, 999.64, 999.59, 999.54, 999.49, 999.44, 999.39, 999.34]","[28.0, 36.0, 31.0, 14.0, 34.0, 19.0, 94.0, 567.0, 150.0, 146.0]","[999.95, 1000.0, 1000.05, 1000.1, 1000.15, 1000.2, 1000.25, 1000.3, 1000.35, 1000.4]","[41.0, 16.0, 53.0, 22.0, 120.0, 231.0, 35.0, 423.0, 377.0, 1.0]",1119.0,1319.0
1700000012.0,999.8519,0.1,999.8,999.9,"[999.8, 999.75, 999.7, 999.65, 999.6, 999.55, 999.5, 999.45, 999.4, 999.35]","[9.0, 115.0, 101.0, 63.0, 179.0, 181.0, 13.0, 13.0, 242.0, 19.0]","[999.9, 999.95, 1000.0, 1000.05, 1000.1, 1000.15, 1000.2, 1000.25, 1000.3, 1000.35]","[94.0, 67.0, 102.0, 51.0, 34.0, 51.0, 18.0, 66.0, 199.0, 382.0]",935.0,1064.0
1700000012.1,999.8261,0.39,999.63,1000.02,"[999.63, 999.58, 999.53, 999.48, 999.43, 999.38, 999.33, 999.28, 999.23, 999.18]","[153.0, 171.0, 63.0, 187.0, 158.0, 95.0, 117.0, 27.0, 294.0, 15.0]","[1000.02, 1000.07, 1000.12, 1000.17, 1000.22, 1000.27, 1000.32, 1000.37, 1000.42, 1000.47]","[58.0, 252.0, 114.0, 77.0, 52.0, 236.0, 13.0, 105.0, 253.0, 76.0]",1280.0,1236.0
1700000012.2,999.8278,0.1,999.78,999.88,"[999.78, 999.73, 999.68, 999.63, 999.58, 999.53, 999.48, 999.43, 999.38, 999.33]","[8.0, 2.0, 34.0, 70.0, 44.0, 44.0, 162.0, 429.0, 128.0, 146.0]","[999.88, 999.93, 999.98, 1000.03, 1000.08, 1000.13, 1000.18, 1000.23, 1000.28, 1000.33]","[17.0, 30.0, 33.0, 291.0, 137.0, 192.0, 30.0, 268.0, 99.0, 28.0]",1067.0,1125.0
1700000012.3,999.844,0.1,999.79,999.89,"[999.79, 999.74, 999.69, 999.64, 999.59, 999.54, 999.49, 999.44, 999.39, 999.34]","[30.0, 9.0, 63.0, 21.0, 27.0, 20.0, 6.0, 21.0, 253.0, 87.0]","[999.89, 999.94, 999.99, 1000.04, 1000.09, 1000.14, 1000.19, 1000.24, 1000.29, 1000.34]","[89.0, 174.0, 232.0, 7.0, 86.0, 13.0, 297.0, 235.0, 76.0, 91.0]",537.0,1300.0
1700000012.4,999.8305,0.24,999.71,999.95,"[999.71, 999.66, 999.61, 999.56, 999.51, 999.46, 999.41, 999.36, 999.31, 999.26]","[93.0, 8.0, 66.0, 46.0, 35.0, 154.0, 72.0, 219.0, 298.0, 88.0]","[999.95, 1000.0, 1000.05, 1000.1, 1000.15, 1000.2, 1000.25, 1000.3, 1000.35, 1000.4]","[1.0, 229.0, 98.0, 216.0, 10.0, 17.0, 9.0, 38.0, 1.0, 388.0]",1079.0,1007.0
1700000012.5,999.8307,0.32,999.67,999.99,"[999.67, 999.62, 999.57, 999.52, 999.47, 999.42, 999.37, 999.32, 999.27, 999.22]","[89.0, 115.0, 53.0, 334.0, 244.0, 399.0, 124.0, 317.0, 104.0, 245.0]","[999.99, 1000.04, 1000.09, 1000.14, 1000.19, 1000.24, 1000.29, 1000.34, 1000.39, 1000.44]","[60.0, 5.0, 18.0, 147.0, 3.0, 183.0, 124.0, 729.0, 6.0, 134.0]",2024.0,1409.0
1700000012.6,999.7829,0.1,999.73,999.83,"[999.73, 999.68, 999.63, 999.58, 999.53, 999.48, 999.43, 999.38, 999.33, 999.28]","[53.0, 28.0, 23.0, 129.0, 69.0, 106.0, 1.0, 121.0, 14.0, 122.0]","[999.83, 999.88, 999.93, 999.98, 1000.03, 1000.08, 1000.13, 1000.18, 1000.23, 1000.28]","[4.0, 72.0, 15.0, 3.0, 188.0, 31.0, 1.0, 185.0, 127.0, 175.0]",666.0,801.0
1700000012.7,999.8452,0.1,999.8,999.9,"[999.8, 999.75, 999.7, 999.65, 999.6, 999.55, 999.5, 999.45, 999.4, 999.35]","[14.0, 89.0, 36.0, 28.0, 184.0, 54.0, 58.0, 454.0, 3.0, 556.0]","[999.9, 999.95, 1000.0, 1000.05, 1000.1, 1000.15, 1000.2, 1000.25, 1000.3, 1000.35]","[20.0, 213.0, 11.0, 82.0, 148.0, 174.0, 13.0, 14.0, 164.0, 18.0]",1476.0,857.0
1700000012.8,999.8247,0.37,999.64,1000.01,"[999.64, 999.59, 999.54, 999.49, 999.44, 999.39, 999.34, 999.29, 999.24, 999.19]","[8.0, 95.0, 4.0, 298.0, 81.0, 165.0, 182.0, 166.0, 152.0, 5.0]","[1000.01, 1000.06, 1000.11, 1000.16, 1000.21, 1000.26, 1000.31, 1000.36, 1000.41, 1000.46]","[100.0, 60.0, 23.0, 40.0, 49.0, 8.0, 29.0, 3.0, 152.0, 99.0]",1156.0,563.0
1700000012.9,999.8112,0.1,999.76,999.86,"[999.76, 999.71, 999.66, 999.61, 999.56, 999.51, 999.46, 999.41, 999.36, 999.31]","[43.0, 4.0, 29.0, 90.0, 333.0, 409.0, 7.0, 151.0, 43.0, 387.0]","[999.86, 999.91, 999.96, 1000.01, 1000.06, 1000.11, 1000.16, 1000.21, 1000.26, 1000.31]","[67.0, 15.0, 39.0, 1.0, 57.0, 99.0, 90.0, 201.0, 25.0, 326.0]",1496.0,920.0
1700000013.0,999.8132,0.1,999.76,999.86,"[999.76, 999.71, 999.66, 999.61, 999.56, 999.51, 999.46, 999.41, 999.36, 999.31]","[18.0, 98.0, 41.0, 35.0, 111.0, 127.0, 56.0, 298.0, 82.0, 240.0]","[999.86, 999.91, 999.96, 1000.01, 1000.06, 1000.11, 1000.16, 1000.21, 1000.26, 1000.31]","[17.0, 99.0, 118.0, 120.0, 176.0, 107.0, 29.0, 110.0, 40.0, 177.0]",1106.0,993.0
1700000013.1,999.836,0.17,999.75,999.92,"[999.75, 999.7, 999.65, 999.6, 999.55, 999.5, 999.45, 999.4, 999.35, 999.3]","[8.0, 58.0, 328.0, 109.0, 40.0, 34.0, 76.0, 111.0, 158.0, 54.0]","[999.92, 999.97, 1000.02, 1000.07, 1000.12, 1000.17, 1000.22, 1000.27, 1000.32, 1000.37]","[50.0, 12.0, 208.0, 125.0, 71.0, 143.0, 24.0, 303.0, 393.0, 40.0]",976.0,1369.0
1700000013.2,999.8676,0.1,999.82,999.92,"[999.82, 999.77, 999.72, 999.67, 999.62, 999.57, 999.52, 999.47, 999.42, 999.37]","[55.0, 233.0, 33.0, 38.0, 14.0, 252.0, 436.0, 11.0, 16.0, 56.0]","[999.92, 999.97, 1000.02, 1000.07, 1000.12, 1000.17, 1000.22, 1000.27, 1000.32, 1000.37]","[111.0, 313.0, 35.0, 133.0, 98.0, 30.0, 111.0, 451.0, 243.0, 278.0]",1144.0,1803.0
1700000013.3,999.8752,0.1,999.83,999.93,"[999.83, 999.78, 999.73, 999.68, 999.63, 999.58, 999.53, 999.48, 999.43, 999.38]","[36.0, 76.0, 60.0, 1.0, 10.0, 293.0, 199.0, 210.0, 367.0, 224.0]","[999.93, 999.98, 1000.03, 1000.08, 1000.13, 1000.18, 1000.23, 1000.28, 1000.33, 1000.38]","[189.0, 153.0, 25.0, 39.0, 82.0, 39.0, 274.0, 30.0, 151.0, 253.0]",1476.0,1235.0
1700000013.4,999.8422,0.1,999.79,999.89,"[999.79, 999.74, 999.69, 999.64, 999.59, 999.54, 999.49, 999.44, 999.39, 999.34]","[34.0, 10.0, 58.0, 77.0, 77.0, 99.0, 39.0, 523.0, 220.0, 179.0]","[999.89, 999.94, 999.99, 1000.04, 1000.09, 1000.14, 1000.19, 1000.24, 1000.29, 1000.34]","[54.0, 31.0, 207.0, 15.0, 5.0, 139.0, 122.0, 61.0, 674.0, 230.0]",1316.0,1538.0
1700000013.5,999.8306,0.32,999.67,999.99,"[999.67, 999.62, 999.57, 999.52, 999.47, 999.42, 999.37, 999.32, 999.27, 999.22]","[9.0, 27.0, 18.0, 22.0, 166.0, 79.0, 115.0, 58.0, 22.0, 56.0]","[999.99, 1000.04, 1000.09, 1000.14, 1000.19, 1000.24, 1000.29, 1000.34, 1000.39, 1000.44]","[16.0, 61.0, 104.0, 397.0, 246.0, 571.0, 216.0, 2.0, 20.0, 168.0]",572.0,1801.0
1700000013.6,999.831,0.1,999.78,999.88,"[999.78, 999.73, 999.68, 999.63, 999.58, 999.53, 999.48, 999.43, 999.38, 999.33]","[68.0, 29.0, 111.0, 118.0, 56.0, 98.0, 53.0, 147.0, 446.0, 278.0]","[999.88, 999.93, 999.98, 1000.03, 1000.08, 1000.13, 1000.18, 1000.23, 1000.28, 1000.33]","[50.0, 90.0, 44.0, 51.0, 16.0, 61.0, 111.0, 66.0, 11.0, 8.0]",1404.0,508.0
1700000013.7,999.8532,0.1,999.8,999.9,"[999.8, 999.75, 999.7, 999.65, 999.6, 999.55, 999.5, 999.45, 999.4, 999.35]","[31.0, 59.0, 71.0, 20.0, 165.0, 298.0, 133.0, 124.0, 36.0, 5.0]","[999.9, 999.95, 1000.0, 1000.05, 1000.1, 1000.15, 1000.2, 1000.25, 1000.3, 1000.35]","[67.0, 167.0, 241.0, 5.0, 122.0, 79.0, 3.0, 79.0, 48.0, 138.0]",942.0,949.0
1700000013.8,999.8139,0.15,999.74,999.89,"[999.74, 999.69, 999.64, 999.59, 999.54, 999.49, 999.44, 999.39, 999.34, 999.29]","[47.0, 59.0, 1.0, 322.0, 171.0, 4.0, 35.0, 41.0, 20.0, 15.0]","[999.89, 999.94, 999.99, 1000.04, 1000.09, 1000.14, 1000.19, 1000.24, 1000.29, 1000.34]","[35.0, 8.0, 112.0, 66.0, 28.0, 163.0, 158.0, 443.0, 29.0, 27.0]",715.0,1069.0
1700000013.9,999.8596,0.1,999.81,999.91,"[999.81, 999.76, 999.71, 999.66, 999.61, 999.56, 999.51, 999.46, 999.41, 999.36]","[92.0, 207.0, 72.0, 159.0, 458.0, 4.0, 337.0, 59.0, 2.0, 92.0]","[999.91, 999.96, 1000.01, 1000.06, 1000.11, 1000.16, 1000.21, 1000.26, 1000.31, 1000.36]","[143.0, 34.0, 57.0, 26.0, 1.0, 299.0, 120.0, 11.0, 169.0, 50.0]",1482.0,910.0
1700000014.0,999.8557,0.1,999.81,999.91,"[999.81, 999.76, 999.71, 999.66, 999.61, 999.56, 999.51, 999.46, 999.41, 999.36]","[88.0, 136.0, 99.0, 99.0, 28.0, 20.0, 235.0, 70.0, 447.0, 148.0]","[999.91, 999.96, 1000.01, 1000.06, 1000.11, 1000.16, 1000.21, 1000.26, 1000.31, 1000.36]","[64.0, 68.0, 52.0, 1.0, 16.0, 29.0, 10.0, 21.0, 138.0, 167.0]",1370.0,566.0
1700000014.1,999.905,0.1,999.86,999.96,"[999.86, 999.81, 999.76, 999.71, 999.66, 999.61, 999.56, 999.51, 999.46, 999.41]","[78.0, 15.0, 2.0, 47.0, 22.0, 112.0, 356.0, 89.0, 422.0, 86.0]","[999.96, 1000.01, 1000.06, 1000.11, 1000.16, 1000.21, 1000.26, 1000.31, 1000.36, 1000.41]","[1.0, 155.0, 51.0, 184.0, 26.0, 99.0, 12.0, 144.0, 85.0, 304.0]",1229.0,1061.0
1700000014.2,999.9189,0.2,999.82,1000.02,"[999.82, 999.77, 999.72, 999.67, 999.62, 999.57, 999.52, 999.47, 999.42, 999.37]","[22.0, 69.0, 109.0, 71.0, 194.0, 33.0, 97.0, 150.0, 73.0, 41.0]","[1000.02, 1000.07, 1000.12, 1000.17, 1000.22, 1000.27, 1000.32, 1000.37, 1000.42, 1000.47]","[5.0, 57.0, 22.0, 6.0, 91.0, 14.0, 291.0, 13.0, 231.0, 184.0]",859.0,914.0
1700000014.3,999.9362,0.1,999.89,999.99,"[999.89, 999.84, 999.79, 999.74, 999.69, 999.64, 999.59, 999.54, 999.49, 999.44]","[85.0, 11.0, 49.0, 163.0, 20.0, 35.0, 15.0, 367.0, 16.0, 547.0]","[999.99, 1000.04, 1000.09, 1000.14, 1000.19, 1000.24, 1000.29, 1000.34, 1000.39, 1000.44]","[24.0, 99.0, 106.0, 88.0, 60.0, 110.0, 51.0, 162.0, 1.0, 12.0]",1308.0,713.0
1700000014.4,999.9442,0.1,999.89,999.99,"[999.89, 999.84, 999.79, 999.74, 999.69, 999.64, 999.59, 999.54, 999.49, 999.44]","[13.0, 112.0, 285.0, 19.0, 7.0, 28.0, 159.0, 263.0, 86.0, 86.0]","[999.99, 1000.04, 1000.09, 1000.14, 1000.19, 1000.24, 1000.29, 1000.34, 1000.39, 1000.44]","[43.0, 79.0, 61.0, 3.0, 412.0, 60.0, 83.0, 14.0, 10.0, 12.0]",1058.0,777.0
1700000014.5,999.9819,0.1,999.93,1000.03,"[999.93, 999.88, 999.83, 999.78, 999.73, 999.68, 999.63, 999.58, 999.53, 999.48]","[150.0, 41.0, 49.0, 170.0, 65.0, 26.0, 147.0, 5.0, 20.0, 156.0]","[1000.03, 1000.08, 1000.13, 1000.18, 1000.23, 1000.28, 1000.33, 1000.38, 1000.43, 1000.48]","[1.0, 49.0, 153.0, 405.0, 159.0, 27.0, 56.0, 47.0, 55.0, 199.0]",829.0,1151.0
1700000014.6,1000.0061,0.1,999.96,1000.06,"[999.96, 999.91, 999.86, 999.81, 999.76, 999.71, 999.66, 999.61, 999.56, 999.51]","[1.0, 21.0, 57.0, 23.0, 47.0, 211.0, 38.0, 97.0, 117.0, 331.0]","[1000.06, 1000.11, 1000.16, 1000.21, 1000.26, 1000.31, 1000.36, 1000.41, 1000.46, 1000.51]","[24.0, 52.0, 32.0, 41.0, 496.0, 82.0, 513.0, 86.0, 8.0, 19.0]",943.0,1353.0
1700000014.7,999.9778,0.2,999.88,1000.08,"[999.88, 999.83, 999.78, 999.73, 999.68, 999.63, 999.58, 999.53, 999.48, 999.43]","[40.0, 15.0, 98.0, 152.0, 87.0, 67.0, 56.0, 35.0, 110.0, 168.0]","[1000.08, 1000.13, 1000.18, 1000.23, 1000.28, 1000.33, 1000.38, 1000.43, 1000.48, 1000.53]","[31.0, 46.0, 274.0, 251.0, 53.0, 36.0, 1083.0, 18.0, 192.0, 312.0]",828.0,2296.0
1700000014.8,999.9816,0.58,999.69,1000.27,"[999.69, 999.64, 999.59, 999.54, 999.49, 999.44, 999.39, 999.34, 999.29, 999.24]","[29.0, 69.0, 13.0, 294.0, 185.0, 122.0, 50.0, 167.0, 209.0, 668.0]","[1000.27, 1000.32, 1000.37, 1000.42, 1000.47, 1000.52, 1000.57, 1000.62, 1000.67, 1000.72]","[6.0, 39.0, 20.0, 30.0, 305.0, 13.0, 222.0, 507.0, 4.0, 50.0]",1806.0,1196.0
1700000014.9,999.9737,0.1,999.92,1000.02,"[999.92, 999.87, 999.82, 999.77, 999.72, 999.67, 999.62, 999.57, 999.52, 999.47]","[4.0, 18.0, 16.0, 106.0, 122.0, 145.0, 384.0, 13.0, 113.0, 110.0]","[1000.02, 1000.07, 1000.12, 1000.17, 1000.22, 1000.27, 1000.32, 1000.37, 1000.42, 1000.47]","[143.0, 15.0, 109.0, 19.0, 10.0, 118.0, 130.0, 491.0, 19.0, 80.0]",1031.0,1134.0
1700000015.0,999.9933,0.17,999.91,1000.08,"[999.91, 999.86, 999.81, 999.76, 999.71, 999.66, 999.61, 999.56, 999.51, 999.46]","[72.0, 7.0, 2.0, 62.0, 40.0, 136.0, 228.0, 385.0, 436.0, 223.0]","[1000.08, 1000.13, 1000.18, 1000.23, 1000.28, 1000.33, 1000.38, 1000.43, 1000.48, 1000.53]","[5.0, 25.0, 63.0, 266.0, 2.0, 197.0, 44.0, 24.0, 21.0, 97.0]",1591.0,744.0
1700000015.1,999.994,0.25,999.87,1000.12,"[999.87, 999.82, 999.77, 999.72, 999.67, 999.62, 999.57, 999.52, 999.47, 999.42]","[93.0, 61.0, 55.0, 506.0, 201.0, 285.0, 1.0, 9.0, 164.0, 431.0]","[1000.12, 1000.17, 1000.22, 1000.27, 1000.32, 1000.37, 1000.42, 1000.47, 1000.52, 1000.57]","[64.0, 1.0, 111.0, 153.0, 476.0, 1.0, 14.0, 299.0, 196.0, 90.0]",1806.0,1405.0
1700000015.2,999.9813,0.16,999.9,1000.06,"[999.9, 999.85, 999.8, 999.75, 999.7, 999.65, 999.6, 999.55, 999.5, 999.45]","[125.0, 128.0, 55.0, 57.0, 55.0, 109.0, 221.0, 212.0, 378.0, 171.0]","[1000.06, 1000.11, 1000.16, 1000.21, 1000.26, 1000.31, 1000.36, 1000.41, 1000.46, 1000.51]","[53.0, 41.0, 175.0, 437.0, 56.0, 156.0, 32.0, 141.0, 244.0, 66.0]",1511.0,1401.0
1700000015.3,999.9803,0.45,999.76,1000.21,"[999.76, 999.71, 999.66, 999.61, 999.56, 999.51, 999.46, 999.41, 999.36, 999.31]","[179.0, 73.0, 86.0, 52.0, 236.0, 136.0, 124.0, 107.0, 195.0, 1.0]","[1000.21, 1000.26, 1000.31, 1000.36, 1000.41, 1000.46, 1000.51, 1000.56, 1000.61, 1000.66]","[20.0, 51.0, 70.0, 60.0, 245.0, 147.0, 133.0, 525.0, 348.0, 448.0]",1189.0,2047.0
1700000015.4,1000.0154,0.25,999.89,1000.14,"[999.89, 999.84, 999.79, 999.74, 999.69, 999.64, 999.59, 999.54, 999.49, 999.44]","[77.0, 30.0, 15.0, 127.0, 12.0, 131.0, 8.0, 167.0, 28.0, 106.0]","[1000.14, 1000.19, 1000.24, 1000.29, 1000.34, 1000.39, 1000.44, 1000.49, 1000.54, 1000.59]","[16.0, 43.0, 41.0, 12.0, 12.0, 7.0, 103.0, 13.0, 70.0, 71.0]",701.0,388.0
1700000015.5,1000.0519,0.16,999.97,1000.13,"[999.97, 999.92, 999.87, 999.82, 999.77, 999.72, 999.67, 999.62, 999.57, 999.52]","[13.0, 32.0, 378.0, 175.0, 282.0, 69.0, 40.0, 111.0, 78.0, 370.0]","[1000.13, 1000.18, 1000.23, 1000.28, 1000.33, 1000.38, 1000.43, 1000.48, 1000.53, 1000.58]","[110.0, 63.0, 54.0, 51.0, 89.0, 21.0, 335.0, 57.0, 59.0, 632.0]",1548.0,1471.0
1700000015.6,1000.0463,0.27,999.91,1000.18,"[999.91, 999.86, 999.81, 999.76, 999.71, 999.66, 999.61, 999.56, 999.51, 999.46]","[11.0, 67.0, 82.0, 17.0, 15.0, 24.0, 116.0, 22.0, 37.0, 93.0]","[1000.18, 1000.23, 1000.28, 1000.33, 1000.38, 1000.43, 1000.48, 1000.53, 1000.58, 1000.63]","[33.0, 76.0, 17.0, 272.0, 38.0, 164.0, 5.0, 99.0, 60.0, 295.0]",484.0,1059.0
1700000015.7,1000.0794,0.22,999.97,1000.19,"[999.97, 999.92, 999.87, 999.82, 999.77, 999.72, 999.67, 999.62, 999.57, 999.52]","[278.0, 8.0, 76.0, 47.0, 95.0, 31.0, 213.0, 221.0, 76.0, 40.0]","[1000.19, 1000.24, 1000.29, 1000.34, 1000.39, 1000.44, 1000.49, 1000.54, 1000.59, 1000.64]","[38.0, 59.0, 75.0, 83.0, 21.0, 114.0, 86.0, 342.0, 1.0, 23.0]",1085.0,842.0
1700000015.8,1000.0397,0.18,999.95,1000.13,"[999.95, 999.9, 999.85, 999.8, 999.75, 999.7, 999.65, 999.6, 999.55, 999.5]","[37.0, 80.0, 23.0, 47.0, 64.0, 148.0, 351.0, 170.0, 8.0, 102.0]","[1000.13, 1000.18, 1000.23, 1000.28, 1000.33, 1000.38, 1000.43, 1000.48, 1000.53, 1000.58]","[40.0, 8.0, 17.0, 79.0, 64.0, 226.0, 214.0, 341.0, 27.0, 293.0]",1030.0,1309.0
1700000015.9,1000.0235,0.1,999.97,1000.07,"[999.97, 999.92, 999.87, 999.82, 999.77, 999.72, 999.67, 999.62, 999.57, 999.52]","[17.0, 12.0, 105.0, 10.0, 175.0, 44.0, 226.0, 112.0, 182.0, 11.0]","[1000.07, 1000.12, 1000.17, 1000.22, 1000.27, 1000.32, 1000.37, 1000.42, 1000.47, 1000.52]","[72.0, 29.0, 13.0, 39.0, 57.0, 37.0, 104.0, 262.0, 99.0, 31.0]",894.0,743.0
1700000016.0,1000.0358,0.1,999.99,1000.09,"[999.99, 999.94, 999.89, 999.84, 999.79, 999.74, 999.69, 999.64, 999.59, 999.54]","[5.0, 16.0, 38.0, 84.0, 220.0, 5.0, 28.0, 43.0, 284.0, 134.0]","[1000.09, 1000.14, 1000.19, 1000.24, 1000.29, 1000.34, 1000.39, 1000.44, 1000.49, 1000.54]","[17.0, 32.0, 60.0, 25.0, 187.0, 195.0, 103.0, 381.0, 3.0, 679.0]",857.0,1682.0
1700000016.1,1000.0345,0.1,999.98,1000.08,"[999.98, 999.93, 999.88, 999.83, 999.78, 999.73, 999.68, 999.63, 999.58, 999.53]","[17.0, 36.0, 9.0, 89.0, 26.0, 124.0, 106.0, 101.0, 29.0, 83.0]","[1000.08, 1000.13, 1000.18, 1000.23, 1000.28, 1000.33, 1000.38, 1000.43, 1000.48, 1000.53]","[76.0, 123.0, 10.0, 8.0, 57.0, 14.0, 260.0, 304.0, 226.0, 86.0]",620.0,1164.0
1700000016.2,1000.0201,0.1,999.97,1000.07,"[999.97, 999.92, 999.87, 999.82, 999.77, 999.72, 999.67, 999.62, 999.57, 999.52]","[58.0, 69.0, 30.0, 101.0, 94.0, 11.0, 40.0, 185.0, 114.0, 332.0]","[1000.07, 1000.12, 1000.17, 1000.22, 1000.27, 1000.32, 1000.37, 1000.42, 1000.47, 1000.52]","[24.0, 162.0, 133.0, 181.0, 108.0, 13.0, 48.0, 501.0, 51.0, 165.0]",1034.0,1386.0
1700000016.3,1000.0158,0.41,999.81,1000.22,"[999.81, 999.76, 999.71, 999.66, 999.61, 999.56, 999.51, 999.46, 999.41, 999.36]","[79.0, 109.0, 108.0, 141.0, 65.0, 182.0, 84.0, 335.0, 104.0, 276.0]","[1000.22, 1000.27, 1000.32, 1000.37, 1000.42, 1000.47, 1000.52, 1000.57, 1000.62, 1000.67]","[36.0, 8.0, 247.0, 44.0, 35.0, 10.0, 84.0, 86.0, 392.0, 250.0]",1483.0,1192.0
1700000016.4,1000.0637,0.1,1000.01,1000.11,"[1000.01, 999.96, 999.91, 999.86, 999.81, 999.76, 999.71, 999.66, 999.61, 999.56]","[45.0, 169.0, 4.0, 41.0, 25.0, 98.0, 103.0, 202.0, 117.0, 164.0]","[1000.11, 1000.16, 1000.21, 1000.26, 1000.31, 1000.36, 1000.41, 1000.46, 1000.51, 1000.56]","[40.0, 9.0, 22.0, 30.0, 596.0, 14.0, 24.0, 3.0, 118.0, 261.0]",968.0,1117.0
1700000016.5,1000.0478,0.16,999.97,1000.13,"[999.97, 999.92, 999.87, 999.82, 999.77, 999.72, 999.67, 999.62, 999.57, 999.52]","[41.0, 39.0, 59.0, 109.0, 510.0, 289.0, 243.0, 366.0, 24.0, 323.0]","[1000.13, 1000.18, 1000.23, 1000.28, 1000.33, 1000.38, 1000.43, 1000.48, 1000.53, 1000.58]","[127.0, 5.0, 31.0, 134.0, 33.0, 42.0, 211.0, 227.0, 19.0, 89.0]",2003.0,918.0
1700000016.6,1000.0293,0.1,999.98,1000.08,"[999.98, 999.93, 999.88, 999.83, 999.78, 999.73, 999.68, 999.63, 999.58, 999.53]","[16.0, 2.0, 27.0, 56.0, 44.0, 190.0, 217.0, 128.0, 62.0, 8.0]","[1000.08, 1000.13, 1000.18, 1000.23, 1000.28, 1000.33, 1000.38, 1000.43, 1000.48, 1000.53]","[7.0, 96.0, 6.0, 4.0, 55.0, 231.0, 159.0, 269.0, 74.0, 120.0]",750.0,1021.0
1700000016.7,1000.0268,0.23,999.91,1000.14,"[999.91, 999.86, 999.81, 999.76, 999.71, 999.66, 999.61, 999.56, 999.51, 999.46]","[27.0, 84.0, 39.0, 39.0, 82.0, 31.0, 1024.0, 109.0, 137.0, 145.0]","[1000.14, 1000.19, 1000.24, 1000.29, 1000.34, 1000.39, 1000.44, 1000.49, 1000.54, 1000.59]","[1.0, 56.0, 108.0, 68.0, 95.0, 91.0, 212.0, 72.0, 60.0, 107.0]",1717.0,870.0
1700000016.8,999.9851,0.13,999.92,1000.05,"[999.92, 999.87, 999.82, 999.77, 999.72, 999.67, 999.62, 999.57, 999.52, 999.47]","[32.0, 56.0, 2.0, 358.0, 67.0, 97.0, 215.0, 90.0, 173.0, 640.0]","[1000.05, 1000.1, 1000.15, 1000.2, 1000.25, 1000.3, 1000.35, 1000.4, 1000.45, 1000.5]","[42.0, 112.0, 95.0, 56.0, 75.0, 25.0, 116.0, 96.0, 87.0, 38.0]",1730.0,742.0
1700000016.9,1000.0082,0.46,999.78,1000.24,"[999.78, 999.73, 999.68, 999.63, 999.58, 999.53, 999.48, 999.43, 999.38, 999.33]","[10.0, 48.0, 24.0, 37.0, 4.0, 251.0, 17.0, 114.0, 130.0, 181.0]","[1000.24, 1000.29, 1000.34, 1000.39, 1000.44, 1000.49, 1000.54, 1000.59, 1000.64, 1000.69]","[9.0, 101.0, 36.0, 55.0, 17.0, 26.0, 8.0, 1.0, 337.0, 6.0]",816.0,596.0
1700000017.0,999.9963,0.47,999.76,1000.23,"[999.76, 999.71, 999.66, 999.61, 999.56, 999.51, 999.46, 999.41, 999.36, 999.31]","[32.0, 10.0, 197.0, 120.0, 2.0, 190.0, 170.0, 283.0, 179.0, 42.0]","[1000.23, 1000.28, 1000.33, 1000.38, 1000.43, 1000.48, 1000.53, 1000.58, 1000.63, 1000.68]","[54.0, 82.0, 130.0, 48.0, 63.0, 95.0, 96.0, 90.0, 56.0, 31.0]",1225.0,745.0
1700000017.1,999.9887,0.3,999.84,1000.14,"[999.84, 999.79, 999.74, 999.69, 999.64, 999.59, 999.54, 999.49, 999.44, 999.39]","[36.0, 43.0, 218.0, 112.0, 69.0, 66.0, 66.0, 131.0, 144.0, 292.0]","[1000.14, 1000.19, 1000.24, 1000.29, 1000.34, 1000.39, 1000.44, 1000.49, 1000.54, 1000.59]","[12.0, 105.0, 91.0, 40.0, 32.0, 141.0, 101.0, 26.0, 100.0, 226.0]",1177.0,874.0
1700000017.2,999.9842,0.17,999.9,1000.07,"[999.9, 999.85, 999.8, 999.75, 999.7, 999.65, 999.6, 999.55, 999.5, 999.45]","[59.0, 60.0, 67.0, 30.0, 139.0, 88.0, 206.0, 176.0, 6.0, 109.0]","[1000.07, 1000.12, 1000.17, 1000.22, 1000.27, 1000.32, 1000.37, 1000.42, 1000.47, 1000.52]","[23.0, 21.0, 68.0, 27.0, 18.0, 21.0, 27.0, 126.0, 463.0, 72.0]",940.0,866.0
1700000017.3,999.9865,0.1,999.94,1000.04,"[999.94, 999.89, 999.84, 999.79, 999.74, 999.69, 999.64, 999.59, 999.54, 999.49]","[20.0, 109.0, 94.0, 114.0, 161.0, 348.0, 150.0, 22.0, 261.0, 256.0]","[1000.04, 1000.09, 1000.14, 1000.19, 1000.24, 1000.29, 1000.34, 1000.39, 1000.44, 1000.49]","[80.0, 23.0, 62.0, 7.0, 38.0, 72.0, 63.0, 244.0, 74.0, 801.0]",1535.0,1464.0
1700000017.4,999.9764,0.14,999.91,1000.05,"[999.91, 999.86, 999.81, 999.76, 999.71, 999.66, 999.61, 999.56, 999.51, 999.46]","[4.0, 54.0, 37.0, 344.0, 75.0, 9.0, 14.0, 13.0, 64.0, 62.0]","[1000.05, 1000.1, 1000.15, 1000.2, 1000.25, 1000.3, 1000.35, 1000.4, 1000.45, 1000.5]","[165.0, 12.0, 82.0, 46.0, 117.0, 42.0, 8.0, 34.0, 69.0, 391.0]",676.0,966.0
1700000017.5,999.9845,0.1,999.93,1000.03,"[999.93, 999.88, 999.83, 999.78, 999.73, 999.68, 999.63, 999.58, 999.53, 999.48]","[29.0, 23.0, 2.0, 14.0, 134.0, 109.0, 65.0, 161.0, 287.0, 301.0]","[1000.03, 1000.08, 1000.13, 1000.18, 1000.23, 1000.28, 1000.33, 1000.38, 1000.43, 1000.48]","[7.0, 157.0, 14.0, 122.0, 12.0, 28.0, 184.0, 49.0, 52.0, 474.0]",1125.0,1099.0
1700000017.6,999.9765,0.18,999.89,1000.07,"[999.89, 999.84, 999.79, 999.74, 999.69, 999.64, 999.59, 999.54, 999.49, 999.44]","[87.0, 57.0, 40.0, 2.0, 122.0, 137.0, 116.0, 123.0, 197.0, 28.0]","[1000.07, 1000.12, 1000.17, 1000.22, 1000.27, 1000.32, 1000.37, 1000.42, 1000.47, 1000.52]","[22.0, 137.0, 6.0, 280.0, 155.0, 52.0, 90.0, 184.0, 14.0, 134.0]",909.0,1074.0
1700000017.7,999.9941,0.32,999.83,1000.15,"[999.83, 999.78, 999.73, 999.68, 999.63, 999.58, 999.53, 999.48, 999.43, 999.38]","[88.0, 183.0, 59.0, 179.0, 32.0, 96.0, 140.0, 88.0, 148.0, 427.0]","[1000.15, 1000.2, 1000.25, 1000.3, 1000.35, 1000.4, 1000.45, 1000.5, 1000.55, 1000.6]","[52.0, 43.0, 174.0, 224.0, 90.0, 81.0, 231.0, 413.0, 93.0, 109.0]",1440.0,1510.0
1700000017.8,999.9881,0.14,999.92,1000.06,"[999.92, 999.87, 999.82, 999.77, 999.72, 999.67, 999.62, 999.57, 999.52, 999.47]","[35.0, 69.0, 11.0, 82.0, 10.0, 10.0, 204.0, 126.0, 3.0, 147.0]","[1000.06, 1000.11, 1000.16, 1000.21, 1000.26, 1000.31, 1000.36, 1000.41, 1000.46, 1000.51]","[47.0, 14.0, 17.0, 8.0, 61.0, 125.0, 473.0, 40.0, 169.0, 95.0]",697.0,1049.0
1700000017.9,999.9991,0.27,999.86,1000.13,"[999.86, 999.81, 999.76, 999.71, 999.66, 999.61, 999.56, 999.51, 999.46, 999.41]","[24.0, 6.0, 121.0, 70.0, 253.0, 26.0, 20.0, 28.0, 692.0, 339.0]","[1000.13, 1000.18, 1000.23, 1000.28, 1000.33, 1000.38, 1000.43, 1000.48, 1000.53, 1000.58]","[15.0, 24.0, 79.0, 53.0, 37.0, 49.0, 290.0, 173.0, 354.0, 490.0]",1579.0,1564.0
1700000018.0,1000.0283,0.2,999.93,1000.13,"[999.93, 999.88, 999.83, 999.78, 999.73, 999.68, 999.63, 999.58, 999.53, 999.48]","[8.0, 47.0, 29.0, 236.0, 36.0, 51.0, 357.0, 604.0, 169.0, 153.0]","[1000.13, 1000.18, 1000.23, 1000.28, 1000.33, 1000.38, 1000.43, 1000.48, 1000.53, 1000.58]","[17.0, 95.0, 55.0, 72.0, 74.0, 80.0, 46.0, 651.0, 226.0, 753.0]",1690.0,2069.0
1700000018.1,1000.043,0.1,999.99,1000.09,"[999.99, 999.94, 999.89, 999.84, 999.79, 999.74, 999.69, 999.64, 999.59, 999.54]","[33.0, 99.0, 33.0, 243.0, 71.0, 56.0, 75.0, 12.0, 62.0, 750.0]","[1000.09, 1000.14, 1000.19, 1000.24, 1000.29, 1000.34, 1000.39, 1000.44, 1000.49, 1000.54]","[27.0, 31.0, 72.0, 81.0, 14.0, 134.0, 17.0, 35.0, 10.0, 284.0]",1434.0,705.0
1700000018.2,1000.0573,0.1,1000.01,1000.11,"[1000.01, 999.96, 999.91, 999.86, 999.81, 999.76, 999.71, 999.66, 999.61, 999.56]","[54.0, 145.0, 15.0, 45.0, 12.0, 2.0, 24.0, 155.0, 135.0, 97.0]","[1000.11, 1000.16, 1000.21, 1000.26, 1000.31, 1000.36, 1000.41, 1000.46, 1000.51, 1000.56]","[44.0, 122.0, 67.0, 132.0, 70.0, 6.0, 75.0, 303.0, 156.0, 843.0]",684.0,1818.0
1700000018.3,1000.0367,0.33,999.87,1000.2,"[999.87, 999.82, 999.77, 999.72, 999.67, 999.62, 999.57, 999.52, 999.47, 999.42]","[90.0, 50.0, 52.0, 95.0, 193.0, 174.0, 184.0, 27.0, 88.0, 225.0]","[1000.2, 1000.25, 1000.3, 1000.35, 1000.4, 1000.45, 1000.5, 1000.55, 1000.6, 1000.65]","[33.0, 164.0, 5.0, 35.0, 6.0, 44.0, 2.0, 636.0, 170.0, 162.0]",1178.0,1257.0
1700000018.4,1000.0476,0.1,1000.0,1000.1,"[1000.0, 999.95, 999.9, 999.85, 999.8, 999.75, 999.7, 999.65, 999.6, 999.55]","[10.0, 71.0, 12.0, 5.0, 48.0, 116.0, 14.0, 285.0, 141.0, 496.0]","[1000.1, 1000.15, 1000.2, 1000.25, 1000.3, 1000.35, 1000.4, 1000.45, 1000.5, 1000.55]","[2.0, 1.0, 24.0, 3.0, 177.0, 165.0, 75.0, 31.0, 137.0, 151.0]",1198.0,766.0
1700000018.5,1000.0314,0.1,999.98,1000.08,"[999.98, 999.93, 999.88, 999.83, 999.78, 999.73, 999.68, 999.63, 999.58, 999.53]","[69.0, 76.0, 46.0, 5.0, 14.0, 14.0, 110.0, 298.0, 184.0, 50.0]","[1000.08, 1000.13, 1000.18, 1000.23, 1000.28, 1000.33, 1000.38, 1000.43, 1000.48, 1000.53]","[48.0, 74.0, 324.0, 5.0, 91.0, 277.0, 8.0, 46.0, 164.0, 94.0]",866.0,1131.0
1700000018.6,1000.0262,0.13,999.96,1000.09,"[999.96, 999.91, 999.86, 999.81, 999.76, 999.71, 999.66, 999.61, 999.56, 999.51]","[57.0, 28.0, 98.0, 144.0, 100.0, 45.0, 302.0, 5.0, 116.0, 257.0]","[1000.09, 1000.14, 1000.19, 1000.24, 1000.29, 1000.34, 1000.39, 1000.44, 1000.49, 1000.54]","[24.0, 26.0, 10.0, 55.0, 295.0, 4.0, 8.0, 356.0, 865.0, 177.0]",1152.0,1820.0
1700000018.7,999.9925,0.16,999.91,1000.07,"[999.91, 999.86, 999.81, 999.76, 999.71, 999.66, 999.61, 999.56, 999.51, 999.46]","[41.0, 84.0, 301.0, 32.0, 84.0, 338.0, 355.0, 349.0, 204.0, 223.0]","[1000.07, 1000.12, 1000.17, 1000.22, 1000.27, 1000.32, 1000.37, 1000.42, 1000.47, 1000.52]","[40.0, 5.0, 35.0, 132.0, 52.0, 42.0, 3.0, 256.0, 132.0, 90.0]",2011.0,787.0
1700000018.8,1000.0021,0.1,999.95,1000.05,"[999.95, 999.9, 999.85, 999.8, 999.75, 999.7, 999.65, 999.6, 999.55, 999.5]","[105.0, 54.0, 161.0, 2.0, 21.0, 14.0, 37.0, 191.0, 21.0, 571.0]","[1000.05, 1000.1, 1000.15, 1000.2, 1000.25, 1000.3, 1000.35, 1000.4, 1000.45, 1000.5]","[48.0, 100.0, 251.0, 41.0, 134.0, 10.0, 8.0, 104.0, 179.0, 229.0]",1177.0,1104.0
1700000018.9,1000.003,0.33,999.84,1000.17,"[999.84, 999.79, 999.74, 999.69, 999.64, 999.59, 999.54, 999.49, 999.44, 999.39]","[44.0, 42.0, 39.0, 1.0, 126.0, 241.0, 207.0, 66.0, 108.0, 87.0]","[1000.17, 1000.22, 1000.27, 1000.32, 1000.37, 1000.42, 1000.47, 1000.52, 1000.57, 1000.62]","[30.0, 52.0, 8.0, 27.0, 13.0, 1.0, 52.0, 85.0, 86.0, 7.0]",961.0,361.0
1700000019.0,1000.0206,0.1,999.97,1000.07,"[999.97, 999.92, 999.87, 999.82, 999.77, 999.72, 999.67, 999.62, 999.57, 999.52]","[46.0, 63.0, 10.0, 3.0, 3.0, 41.0, 121.0, 22.0, 12.0, 165.0]","[1000.07, 1000.12, 1000.17, 1000.22, 1000.27, 1000.32, 1000.37, 1000.42, 1000.47, 1000.52]","[8.0, 108.0, 54.0, 84.0, 229.0, 22.0, 114.0, 65.0, 24.0, 167.0]",486.0,875.0
1700000019.1,1000.0098,0.38,999.82,1000.2,"[999.82, 999.77, 999.72, 999.67, 999.62, 999.57, 999.52, 999.47, 999.42, 999.37]","[57.0, 256.0, 49.0, 239.0, 22.0, 94.0, 105.0, 180.0, 494.0, 293.0]","[1000.2, 1000.25, 1000.3, 1000.35, 1000.4, 1000.45, 1000.5, 1000.55, 1000.6, 1000.65]","[4.0, 54.0, 31.0, 13.0, 72.0, 64.0, 5.0, 123.0, 17.0, 258.0]",1789.0,641.0
1700000019.2,1000.0196,0.18,999.93,1000.11,"[999.93, 999.88, 999.83, 999.78, 999.73, 999.68, 999.63, 999.58, 999.53, 999.48]","[9.0, 149.0, 4.0, 208.0, 22.0, 20.0, 129.0, 123.0, 538.0, 125.0]","[1000.11, 1000.16, 1000.21, 1000.26, 1000.31, 1000.36, 1000.41, 1000.46, 1000.51, 1000.56]","[12.0, 58.0, 64.0, 76.0, 375.0, 37.0, 77.0, 269.0, 180.0, 42.0]",1327.0,1190.0
1700000019.3,1000.0215,0.1,999.97,1000.07,"[999.97, 999.92, 999.87, 999.82, 999.77, 999.72, 999.67, 999.62, 999.57, 999.52]","[54.0, 126.0, 115.0, 1.0, 78.0, 21.0, 55.0, 214.0, 33.0, 490.0]","[1000.07, 1000.12, 1000.17, 1000.22, 1000.27, 1000.32, 1000.37, 1000.42, 1000.47, 1000.52]","[1.0, 12.0, 4.0, 65.0, 31.0, 88.0, 292.0, 151.0, 8.0, 1.0]",1187.0,653.0
1700000019.4,1000.0202,0.1,999.97,1000.07,"[999.97, 999.92, 999.87, 999.82, 999.77, 999.72, 999.67, 999.62, 999.57, 999.52]","[37.0, 156.0, 65.0, 124.0, 53.0, 62.0, 5.0, 25.0, 8.0, 70.0]","[1000.07, 1000.12, 1000.17, 1000.22, 1000.27, 1000.32, 1000.37, 1000.42, 1000.47, 1000.52]","[55.0, 9.0, 144.0, 70.0, 100.0, 212.0, 95.0, 141.0, 130.0, 13.0]",605.0,969.0
1700000019.5,1000.0084,0.32,999.85,1000.17,"[999.85, 999.8, 999.75, 999.7, 999.65, 999.6, 999.55, 999.5, 999.45, 999.4]","[172.0, 11.0, 42.0, 29.0, 115.0, 98.0, 6.0, 533.0, 438.0, 234.0]","[1000.17, 1000.22, 1000.27, 1000.32, 1000.37, 1000.42, 1000.47, 1000.52, 1000.57, 1000.62]","[39.0, 22.0, 40.0, 38.0, 56.0, 9.0, 262.0, 133.0, 98.0, 223.0]",1678.0,920.0
1700000019.6,1000.0573,0.1,1000.01,1000.11,"[1000.01, 999.96, 999.91, 999.86, 999.81, 999.76, 999.71, 999.66, 999.61, 999.56]","[9.0, 43.0, 135.0, 168.0, 41.0, 175.0, 3.0, 184.0, 101.0, 59.0]","[1000.11, 1000.16, 1000.21, 1000.26, 1000.31, 1000.36, 1000.41, 1000.46, 1000.51, 1000.56]","[39.0, 59.0, 224.0, 325.0, 62.0, 217.0, 71.0, 149.0, 41.0, 29.0]",918.0,1216.0
1700000019.7,1000.0478,0.1,1000.0,1000.1,"[1000.0, 999.95, 999.9, 999.85, 999.8, 999.75, 999.7, 999.65, 999.6, 999.55]","[17.0, 4.0, 11.0, 104.0, 120.0, 78.0, 120.0, 8.0, 286.0, 157.0]","[1000.1, 1000.15, 1000.2, 1000.25, 1000.3, 1000.35, 1000.4, 1000.45, 1000.5, 1000.55]","[57.0, 12.0, 83.0, 101.0, 43.0, 431.0, 55.0, 341.0, 285.0, 430.0]",905.0,1838.0
1700000019.8,1000.0053,0.1,999.96,1000.06,"[999.96, 999.91, 999.86, 999.81, 999.76, 999.71, 999.66, 999.61, 999.56, 999.51]","[9.0, 88.0, 59.0, 56.0, 59.0, 5.0, 59.0, 394.0, 165.0, 44.0]","[1000.06, 1000.11, 1000.16, 1000.21, 1000.26, 1000.31, 1000.36, 1000.41, 1000.46, 1000.51]","[87.0, 72.0, 244.0, 31.0, 27.0, 274.0, 73.0, 64.0, 199.0, 81.0]",938.0,1152.0
1700000019.9,999.9639,0.25,999.84,1000.09,"[999.84, 999.79, 999.74, 999.69, 999.64, 999.59, 999.54, 999.49, 999.44, 999.39]","[41.0, 10.0, 97.0, 15.0, 5.0, 123.0, 34.0, 134.0, 1079.0, 556.0]","[1000.09, 1000.14, 1000.19, 1000.24, 1000.29, 1000.34, 1000.39, 1000.44, 1000.49, 1000.54]","[13.0, 23.0, 95.0, 1.0, 95.0, 38.0, 139.0, 176.0, 185.0, 9.0]",2094.0,774.0
1700000020.0,999.9787,0.41,999.77,1000.18,"[999.77, 999.72, 999.67, 999.62, 999.57, 999.52, 999.47, 999.42, 999.37, 999.32]","[8.0, 41.0, 146.0, 2.0, 24.0, 135.0, 19.0, 125.0, 304.0, 164.0]","[1000.18, 1000.23, 1000.28, 1000.33, 1000.38, 1000.43, 1000.48, 1000.53, 1000.58, 1000.63]","[98.0, 24.0, 102.0, 179.0, 35.0, 235.0, 14.0, 132.0, 29.0, 226.0]",968.0,1074.0
1700000020.1,999.9851,0.23,999.87,1000.1,"[999.87, 999.82, 999.77, 999.72, 999.67, 999.62, 999.57, 999.52, 999.47, 999.42]","[84.0, 45.0, 21.0, 184.0, 304.0, 246.0, 20.0, 244.0, 175.0, 102.0]","[1000.1, 1000.15, 1000.2, 1000.25, 1000.3, 1000.35, 1000.4, 1000.45, 1000.5, 1000.55]","[6.0, 77.0, 86.0, 26.0, 53.0, 22.0, 372.0, 102.0, 159.0, 156.0]",1425.0,1059.0
1700000020.2,1000.0123,0.21,999.91,1000.12,"[999.91, 999.86, 999.81, 999.76, 999.71, 999.66, 999.61, 999.56, 999.51, 999.46]","[15.0, 41.0, 30.0, 55.0, 120.0, 82.0, 129.0, 29.0, 117.0, 213.0]","[1000.12, 1000.17, 1000.22, 1000.27, 1000.32, 1000.37, 1000.42, 1000.47, 1000.52, 1000.57]","[51.0, 33.0, 19.0, 277.0, 102.0, 85.0, 24.0, 205.0, 146.0, 48.0]",831.0,990.0
1700000020.3,1000.0202,0.12,999.96,1000.08,"[999.96, 999.91, 999.86, 999.81, 999.76, 999.71, 999.66, 999.61, 999.56, 999.51]","[37.0, 13.0, 41.0, 110.0, 125.0, 10.0, 57.0, 338.0, 51.0, 83.0]","[1000.08, 1000.13, 1000.18, 1000.23, 1000.28, 1000.33, 1000.38, 1000.43, 1000.48, 1000.53]","[26.0, 1.0, 102.0, 6.0, 34.0, 30.0, 118.0, 66.0, 204.0, 271.0]",865.0,858.0
1700000020.4,1000.0208,0.1,999.97,1000.07,"[999.97, 999.92, 999.87, 999.82, 999.77, 999.72, 999.67, 999.62, 999.57, 999.52]","[46.0, 102.0, 244.0, 22.0, 198.0, 18.0, 71.0, 250.0, 44.0, 32.0]","[1000.07, 1000.12, 1000.17, 1000.22, 1000.27, 1000.32, 1000.37, 1000.42, 1000.47, 1000.52]","[2.0, 60.0, 66.0, 349.0, 72.0, 25.0, 64.0, 10.0, 183.0, 236.0]",1027.0,1067.0
1700000020.5,1000.0237,0.1,999.97,1000.07,"[999.97, 999.92, 999.87, 999.82, 999.77, 999.72, 999.67, 999.62, 999.57, 999.52]","[4.0, 5.0, 44.0, 71.0, 1.0, 135.0, 47.0, 127.0, 131.0, 285.0]","[1000.07, 1000.12, 1000.17, 1000.22, 1000.27, 1000.32, 1000.37, 1000.42, 1000.47, 1000.52]","[98.0, 123.0, 32.0, 90.0, 18.0, 76.0, 50.0, 61.0, 250.0, 428.0]",850.0,1226.0
1700000020.6,1000.0354,0.33,999.87,1000.2,"[999.87, 999.82, 999.77, 999.72, 999.67, 999.62, 999.57, 999.52, 999.47, 999.42]","[28.0, 20.0, 39.0, 33.0, 17.0, 6.0, 4.0, 194.0, 138.0, 78.0]","[1000.2, 1000.25, 1000.3, 1000.35, 1000.4, 1000.45, 1000.5, 1000.55, 1000.6, 1000.65]","[31.0, 277.0, 44.0, 22.0, 131.0, 16.0, 122.0, 83.0, 133.0, 60.0]",557.0,919.0
1700000020.7,1000.0401,0.28,999.9,1000.18,"[999.9, 999.85, 999.8, 999.75, 999.7, 999.65, 999.6, 999.55, 999.5, 999.45]","[4.0, 102.0, 142.0, 45.0, 136.0, 121.0, 101.0, 213.0, 72.0, 337.0]","[1000.18, 1000.23, 1000.28, 1000.33, 1000.38, 1000.43, 1000.48, 1000.53, 1000.58, 1000.63]","[121.0, 62.0, 17.0, 4.0, 55.0, 8.0, 64.0, 379.0, 240.0, 14.0]",1273.0,964.0
1700000020.8,1000.0227,0.22,999.91,1000.13,"[999.91, 999.86, 999.81, 999.76, 999.71, 999.66, 999.61, 999.56, 999.51, 999.46]","[152.0, 85.0, 12.0, 47.0, 172.0, 104.0, 63.0, 928.0, 212.0, 119.0]","[1000.13, 1000.18, 1000.23, 1000.28, 1000.33, 1000.38, 1000.43, 1000.48, 1000.53, 1000.58]","[57.0, 17.0, 146.0, 69.0, 129.0, 653.0, 97.0, 100.0, 130.0, 78.0]",1894.0,1476.0
1700000020.9,999.9991,0.1,999.95,1000.05,"[999.95, 999.9, 999.85, 999.8, 999.75, 999.7, 999.65, 999.6, 999.55, 999.5]","[97.0, 291.0, 54.0, 1.0, 38.0, 1.0, 23.0, 366.0, 86.0, 124.0]","[1000.05, 1000.1, 1000.15, 1000.2, 1000.25, 1000.3, 1000.35, 1000.4, 1000.45, 1000.5]","[41.0, 15.0, 152.0, 94.0, 114.0, 93.0, 171.0, 83.0, 255.0, 153.0]",1081.0,1171.0
1700000021.0,1000.0029,0.1,999.95,1000.05,"[999.95, 999.9, 999.85, 999.8, 999.75, 999.7, 999.65, 999.6, 999.55, 999.5]","[24.0, 2.0, 6.0, 44.0, 38.0, 128.0, 41.0, 48.0, 78.0, 7.0]","[1000.05, 1000.1, 1000.15, 1000.2, 1000.25, 1000.3, 1000.35, 1000.4, 1000.45, 1000.5]","[51.0, 86.0, 282.0, 143.0, 41.0, 185.0, 705.0, 38.0, 538.0, 80.0]",416.0,2149.0
1700000021.1,1000.0119,0.27,999.88,1000.15,"[999.88, 999.83, 999.78, 999.73, 999.68, 999.63, 999.58, 999.53, 999.48, 999.43]","[3.0, 4.0, 17.0, 105.0, 137.0, 146.0, 70.0, 127.0, 208.0, 141.0]","[1000.15, 1000.2, 1000.25, 1000.3, 1000.35, 1000.4, 1000.45, 1000.5, 1000.55, 1000.6]","[30.0, 18.0, 39.0, 138.0, 86.0, 28.0, 37.0, 242.0, 402.0, 66.0]",958.0,1086.0
1700000021.2,1000.0029,0.1,999.95,1000.05,"[999.95, 999.9, 999.85, 999.8, 999.75, 999.7, 999.65, 999.6, 999.55, 999.5]","[6.0, 78.0, 321.0, 88.0, 88.0, 187.0, 48.0, 123.0, 84.0, 89.0]","[1000.05, 1000.1, 1000.15, 1000.2, 1000.25, 1000.3, 1000.35, 1000.4, 1000.45, 1000.5]","[10.0, 38.0, 58.0, 182.0, 335.0, 12.0, 17.0, 275.0, 141.0, 261.0]",1112.0,1329.0
1700000021.3,999.9962,0.1,999.95,1000.05,"[999.95, 999.9, 999.85, 999.8, 999.75, 999.7, 999.65, 999.6, 999.55, 999.5]","[41.0, 37.0, 49.0, 215.0, 151.0, 61.0, 316.0, 92.0, 234.0, 246.0]","[1000.05, 1000.1, 1000.15, 1000.2, 1000.25, 1000.3, 1000.35, 1000.4, 1000.45, 1000.5]","[22.0, 70.0, 199.0, 212.0, 101.0, 34.0, 44.0, 240.0, 127.0, 141.0]",1442.0,1190.0
1700000021.4,1000.0037,0.1,999.95,1000.05,"[999.95, 999.9, 999.85, 999.8, 999.75, 999.7, 999.65, 999.6, 999.55, 999.5]","[56.0, 19.0, 13.0, 38.0, 129.0, 150.0, 111.0, 99.0, 350.0, 345.0]","[1000.05, 1000.1, 1000.15, 1000.2, 1000.25, 1000.3, 1000.35, 1000.4, 1000.45, 1000.5]","[27.0, 140.0, 191.0, 103.0, 58.0, 95.0, 43.0, 279.0, 108.0, 274.0]",1310.0,1318.0
1700000021.5,1000.004,0.1,999.95,1000.05,"[999.95, 999.9, 999.85, 999.8, 999.75, 999.7, 999.65, 999.6, 999.55, 999.5]","[100.0, 13.0, 26.0, 77.0, 94.0, 60.0, 66.0, 214.0, 126.0, 224.0]","[1000.05, 1000.1, 1000.15, 1000.2, 1000.25, 1000.3, 1000.35, 1000.4, 1000.45, 1000.5]","[105.0, 39.0, 52.0, 46.0, 38.0, 232.0, 19.0, 195.0, 91.0, 110.0]",1000.0,927.0
1700000021.6,999.9889,0.1,999.94,1000.04,"[999.94, 999.89, 999.84, 999.79, 999.74, 999.69, 999.64, 999.59, 999.54, 999.49]","[26.0, 18.0, 45.0, 22.0, 93.0, 53.0, 83.0, 384.0, 745.0, 36.0]","[1000.04, 1000.09, 1000.14, 1000.19, 1000.24, 1000.29, 1000.34, 1000.39, 1000.44, 1000.49]","[103.0, 2.0, 64.0, 293.0, 94.0, 323.0, 181.0, 98.0, 152.0, 160.0]",1505.0,1470.0
1700000021.7,999.9416,0.11,999.89,1000.0,"[999.89, 999.84, 999.79, 999.74, 999.69, 999.64, 999.59, 999.54, 999.49, 999.44]","[30.0, 264.0, 25.0, 34.0, 61.0, 77.0, 35.0, 46.0, 10.0, 50.0]","[1000.0, 1000.05, 1000.1, 1000.15, 1000.2, 1000.25, 1000.3, 1000.35, 1000.4, 1000.45]","[54.0, 38.0, 14.0, 2.0, 41.0, 17.0, 2.0, 208.0, 208.0, 48.0]",632.0,632.0
1700000021.8,999.9366,0.21,999.83,1000.04,"[999.83, 999.78, 999.73, 999.68, 999.63, 999.58, 999.53, 999.48, 999.43, 999.38]","[27.0, 36.0, 43.0, 112.0, 370.0, 91.0, 476.0, 30.0, 154.0, 16.0]","[1000.04, 1000.09, 1000.14, 1000.19, 1000.24, 1000.29, 1000.34, 1000.39, 1000.44, 1000.49]","[44.0, 90.0, 16.0, 27.0, 137.0, 45.0, 3.0, 191.0, 200.0, 52.0]",1355.0,805.0
1700000021.9,999.9066,0.1,999.86,999.96,"[999.86, 999.81, 999.76, 999.71, 999.66, 999.61, 999.56, 999.51, 999.46, 999.41]","[6.0, 32.0, 3.0, 56.0, 104.0, 400.0, 353.0, 131.0, 10.0, 140.0]","[999.96, 1000.01, 1000.06, 1000.11, 1000.16, 1000.21, 1000.26, 1000.31, 1000.36, 1000.41]","[59.0, 121.0, 196.0, 51.0, 8.0, 225.0, 26.0, 161.0, 49.0, 49.0]",1235.0,945.0
1700000022.0,999.9044,0.17,999.82,999.99,"[999.82, 999.77, 999.72, 999.67, 999.62, 999.57, 999.52, 999.47, 999.42, 999.37]","[92.0, 27.0, 52.0, 74.0, 194.0, 76.0, 110.0, 118.0, 153.0, 19.0]","[999.99, 1000.04, 1000.09, 1000.14, 1000.19, 1000.24, 1000.29, 1000.34, 1000.39, 1000.44]","[21.0, 3.0, 3.0, 310.0, 9.0, 127.0, 60.0, 37.0, 256.0, 33.0]",915.0,859.0
1700000022.1,999.9031,0.1,999.85,999.95,"[999.85, 999.8, 999.75, 999.7, 999.65, 999.6, 999.55, 999.5, 999.45, 999.4]","[3.0, 23.0, 78.0, 38.0, 20.0, 47.0, 23.0, 294.0, 113.0, 152.0]","[999.95, 1000.0, 1000.05, 1000.1, 1000.15, 1000.2, 1000.25, 1000.3, 1000.35, 1000.4]","[141.0, 15.0, 14.0, 22.0, 281.0, 188.0, 449.0, 16.0, 47.0, 32.0]",791.0,1205.0
1700000022.2,999.89,0.1,999.84,999.94,"[999.84, 999.79, 999.74, 999.69, 999.64, 999.59, 999.54, 999.49, 999.44, 999.39]","[116.0, 26.0, 162.0, 38.0, 13.0, 139.0, 51.0, 20.0, 56.0, 75.0]","[999.94, 999.99, 1000.04, 1000.09, 1000.14, 1000.19, 1000.24, 1000.29, 1000.34, 1000.39]","[262.0, 65.0, 11.0, 31.0, 78.0, 35.0, 54.0, 30.0, 15.0, 384.0]",696.0,965.0
1700000022.3,999.8738,0.15,999.8,999.95,"[999.8, 999.75, 999.7, 999.65, 999.6, 999.55, 999.5, 999.45, 999.4, 999.35]","[15.0, 156.0, 51.0, 10.0, 76.0, 107.0, 12.0, 241.0, 111.0, 29.0]","[999.95, 1000.0, 1000.05, 1000.1, 1000.15, 1000.2, 1000.25, 1000.3, 1000.35, 1000.4]","[126.0, 85.0, 74.0, 4.0, 334.0, 60.0, 57.0, 8.0, 52.0, 337.0]",808.0,1137.0
1700000022.4,999.8614,0.1,999.81,999.91,"[999.81, 999.76, 999.71, 999.66, 999.61, 999.56, 999.51, 999.46, 999.41, 999.36]","[25.0, 79.0, 52.0, 24.0, 104.0, 81.0, 99.0, 27.0, 87.0, 252.0]","[999.91, 999.96, 1000.01, 1000.06, 1000.11, 1000.16, 1000.21, 1000.26, 1000.31, 1000.36]","[33.0, 60.0, 35.0, 148.0, 13.0, 147.0, 27.0, 44.0, 366.0, 95.0]",830.0,968.0
1700000022.5,999.881,0.2,999.78,999.98,"[999.78, 999.73, 999.68, 999.63, 999.58, 999.53, 999.48, 999.43, 999.38, 999.33]","[58.0, 65.0, 63.0, 1.0, 18.0, 39.0, 253.0, 393.0, 110.0, 85.0]","[999.98, 1000.03, 1000.08, 1000.13, 1000.18, 1000.23, 1000.28, 1000.33, 1000.38, 1000.43]","[161.0, 46.0, 99.0, 78.0, 50.0, 70.0, 145.0, 364.0, 97.0, 96.0]",1085.0,1206.0
1700000022.6,999.9015,0.1,999.85,999.95,"[999.85, 999.8, 999.75, 999.7, 999.65, 999.6, 999.55, 999.5, 999.45, 999.4]","[1.0, 9.0, 119.0, 124.0, 164.0, 4.0, 153.0, 49.0, 108.0, 399.0]","[999.95, 1000.0, 1000.05, 1000.1, 1000.15, 1000.2, 1000.25, 1000.3, 1000.35, 1000.4]","[41.0, 8.0, 39.0, 295.0, 251.0, 194.0, 19.0, 26.0, 17.0, 26.0]",1130.0,916.0
1700000022.7,999.9023,0.37,999.72,1000.09,"[999.72, 999.67, 999.62, 999.57, 999.52, 999.47, 999.42, 999.37, 999.32, 999.27]","[60.0, 101.0, 53.0, 1.0, 68.0, 8.0, 270.0, 5.0, 64.0, 335.0]","[1000.09, 1000.14, 1000.19, 1000.24, 1000.29, 1000.34, 1000.39, 1000.44, 1000.49, 1000.54]","[76.0, 112.0, 80.0, 21.0, 167.0, 246.0, 280.0, 251.0, 182.0, 421.0]",965.0,1836.0
1700000022.8,999.9126,0.1,999.86,999.96,"[999.86, 999.81, 999.76, 999.71, 999.66, 999.61, 999.56, 999.51, 999.46, 999.41]","[17.0, 28.0, 159.0, 78.0, 6.0, 14.0, 52.0, 38.0, 30.0, 58.0]","[999.96, 1000.01, 1000.06, 1000.11, 1000.16, 1000.21, 1000.26, 1000.31, 1000.36, 1000.41]","[54.0, 80.0, 208.0, 76.0, 44.0, 67.0, 6.0, 60.0, 37.0, 24.0]",480.0,656.0
1700000022.9,999.889,0.1,999.84,999.94,"[999.84, 999.79, 999.74, 999.69, 999.64, 999.59, 999.54, 999.49, 999.44, 999.39]","[3.0, 61.0, 115.0, 55.0, 1.0, 57.0, 7.0, 168.0, 336.0, 154.0]","[999.94, 999.99, 1000.04, 1000.09, 1000.14, 1000.19, 1000.24, 1000.29, 1000.34, 1000.39]","[13.0, 167.0, 85.0, 7.0, 23.0, 158.0, 31.0, 106.0, 78.0, 62.0]",957.0,730.0
1700000023.0,999.8932,0.23,999.78,1000.01,"[999.78, 999.73, 999.68, 999.63, 999.58, 999.53, 999.48, 999.43, 999.38, 999.33]","[47.0, 132.0, 22.0, 4.0, 251.0, 114.0, 1.0, 683.0, 355.0, 78.0]","[1000.01, 1000.06, 1000.11, 1000.16, 1000.21, 1000.26, 1000.31, 1000.36, 1000.41, 1000.46]","[45.0, 20.0, 22.0, 51.0, 37.0, 47.0, 10.0, 753.0, 167.0, 21.0]",1687.0,1173.0
1700000023.1,999.9202,0.26,999.79,1000.05,"[999.79, 999.74, 999.69, 999.64, 999.59, 999.54, 999.49, 999.44, 999.39, 999.34]","[419.0, 43.0, 18.0, 430.0, 111.0, 37.0, 106.0, 110.0, 211.0, 175.0]","[1000.05, 1000.1, 1000.15, 1000.2, 1000.25, 1000.3, 1000.35, 1000.4, 1000.45, 1000.5]","[137.0, 106.0, 35.0, 242.0, 36.0, 65.0, 7.0, 206.0, 148.0, 250.0]",1660.0,1232.0
1700000023.2,999.873,0.1,999.82,999.92,"[999.82, 999.77, 999.72, 999.67, 999.62, 999.57, 999.52, 999.47, 999.42, 999.37]","[71.0, 70.0, 179.0, 277.0, 237.0, 82.0, 31.0, 18.0, 55.0, 96.0]","[999.92, 999.97, 1000.02, 1000.07, 1000.12, 1000.17, 1000.22, 1000.27, 1000.32, 1000.37]","[137.0, 30.0, 2.0, 41.0, 52.0, 35.0, 111.0, 82.0, 13.0, 121.0]",1116.0,624.0
1700000023.3,999.8469,0.22,999.74,999.96,"[999.74, 999.69, 999.64, 999.59, 999.54, 999.49, 999.44, 999.39, 999.34, 999.29]","[4.0, 167.0, 66.0, 63.0, 28.0, 224.0, 172.0, 5.0, 18.0, 10.0]","[999.96, 1000.01, 1000.06, 1000.11, 1000.16, 1000.21, 1000.26, 1000.31, 1000.36, 1000.41]","[39.0, 388.0, 206.0, 84.0, 416.0, 72.0, 47.0, 106.0, 47.0, 66.0]",757.0,1471.0
1700000023.4,999.8654,0.2,999.77,999.97,"[999.77, 999.72, 999.67, 999.62, 999.57, 999.52, 999.47, 999.42, 999.37, 999.32]","[89.0, 37.0, 105.0, 4.0, 28.0, 24.0, 128.0, 21.0, 756.0, 149.0]","[999.97, 1000.02, 1000.07, 1000.12, 1000.17, 1000.22, 1000.27, 1000.32, 1000.37, 1000.42]","[96.0, 5.0, 78.0, 140.0, 99.0, 95.0, 181.0, 478.0, 159.0, 351.0]",1341.0,1682.0
1700000023.5,999.9165,0.11,999.86,999.97,"[999.86, 999.81, 999.76, 999.71, 999.66, 999.61, 999.56, 999.51, 999.46, 999.41]","[47.0, 12.0, 14.0, 658.0, 253.0, 357.0, 278.0, 253.0, 415.0, 192.0]","[999.97, 1000.02, 1000.07, 1000.12, 1000.17, 1000.22, 1000.27, 1000.32, 1000.37, 1000.42]","[20.0, 136.0, 87.0, 25.0, 379.0, 175.0, 46.0, 115.0, 175.0, 115.0]",2479.0,1273.0
1700000023.6,999.8851,0.19,999.79,999.98,"[999.79, 999.74, 999.69, 999.64, 999.59, 999.54, 999.49, 999.44, 999.39, 999.34]","[25.0, 72.0, 176.0, 8.0, 24.0, 157.0, 233.0, 74.0, 45.0, 894.0]","[999.98, 1000.03, 1000.08, 1000.13, 1000.18, 1000.23, 1000.28, 1000.33, 1000.38, 1000.43]","[22.0, 11.0, 86.0, 94.0, 16.0, 121.0, 7.0, 154.0, 57.0, 81.0]",1708.0,649.0
1700000023.7,999.8733,0.15,999.8,999.95,"[999.8, 999.75, 999.7, 999.65, 999.6, 999.55, 999.5, 999.45, 999.4, 999.35]","[74.0, 57.0, 24.0, 15.0, 172.0, 67.0, 129.0, 75.0, 47.0, 34.0]","[999.95, 1000.0, 1000.05, 1000.1, 1000.15, 1000.2, 1000.25, 1000.3, 1000.35, 1000.4]","[13.0, 4.0, 177.0, 16.0, 81.0, 51.0, 213.0, 199.0, 1.0, 56.0]",694.0,811.0
1700000023.8,999.8833,0.14,999.81,999.95,"[999.81, 999.76, 999.71, 999.66, 999.61, 999.56, 999.51, 999.46, 999.41, 999.36]","[180.0, 206.0, 89.0, 15.0, 102.0, 138.0, 223.0, 349.0, 16.0, 688.0]","[999.95, 1000.0, 1000.05, 1000.1, 1000.15, 1000.2, 1000.25, 1000.3, 1000.35, 1000.4]","[8.0, 10.0, 22.0, 155.0, 31.0, 171.0, 221.0, 47.0, 146.0, 100.0]",2006.0,911.0
1700000023.9,999.8669,0.13,999.8,999.93,"[999.8, 999.75, 999.7, 999.65, 999.6, 999.55, 999.5, 999.45, 999.4, 999.35]","[1.0, 48.0, 72.0, 42.0, 297.0, 227.0, 70.0, 54.0, 55.0, 42.0]","[999.93, 999.98, 1000.03, 1000.08, 1000.13, 1000.18, 1000.23, 1000.28, 1000.33, 1000.38]","[117.0, 29.0, 9.0, 123.0, 10.0, 346.0, 7.0, 80.0, 106.0, 167.0]",908.0,994.0
1700000024.0,999.8502,0.3,999.7,1000.0,"[999.7, 999.65, 999.6, 999.55, 999.5, 999.45, 999.4, 999.35, 999.3, 999.25]","[21.0, 78.0, 41.0, 75.0, 239.0, 1.0, 11.0, 302.0, 561.0, 395.0]","[1000.0, 1000.05, 1000.1, 1000.15, 1000.2, 1000.25, 1000.3, 1000.35, 1000.4, 1000.45]","[117.0, 25.0, 287.0, 85.0, 21.0, 16.0, 41.0, 192.0, 485.0, 84.0]",1724.0,1353.0
1700000024.1,999.8947,0.11,999.84,999.95,"[999.84, 999.79, 999.74, 999.69, 999.64, 999.59, 999.54, 999.49, 999.44, 999.39]","[1.0, 13.0, 11.0, 89.0, 3.0, 61.0, 447.0, 22.0, 39.0, 53.0]","[999.95, 1000.0, 1000.05, 1000.1, 1000.15, 1000.2, 1000.25, 1000.3, 1000.35, 1000.4]","[50.0, 73.0, 18.0, 45.0, 49.0, 22.0, 28.0, 356.0, 19.0, 87.0]",739.0,747.0
1700000024.2,999.888,0.14,999.82,999.96,"[999.82, 999.77, 999.72, 999.67, 999.62, 999.57, 999.52, 999.47, 999.42, 999.37]","[58.0, 39.0, 26.0, 101.0, 32.0, 225.0, 43.0, 40.0, 454.0, 518.0]","[999.96, 1000.01, 1000.06, 1000.11, 1000.16, 1000.21, 1000.26, 1000.31, 1000.36, 1000.41]","[15.0, 170.0, 221.0, 33.0, 228.0, 818.0, 3.0, 266.0, 1.0, 423.0]",1536.0,2178.0
1700000024.3,999.9007,0.34,999.73,1000.07,"[999.73, 999.68, 999.63, 999.58, 999.53, 999.48, 999.43, 999.38, 999.33, 999.28]","[12.0, 26.0, 30.0, 41.0, 231.0, 63.0, 88.0, 9.0, 106.0, 54.0]","[1000.07, 1000.12, 1000.17, 1000.22, 1000.27, 1000.32, 1000.37, 1000.42, 1000.47, 1000.52]","[20.0, 80.0, 28.0, 43.0, 114.0, 51.0, 161.0, 31.0, 14.0, 55.0]",660.0,597.0
1700000024.4,999.8735,0.1,999.82,999.92,"[999.82, 999.77, 999.72, 999.67, 999.62, 999.57, 999.52, 999.47, 999.42, 999.37]","[255.0, 70.0, 35.0, 473.0, 52.0, 1.0, 92.0, 194.0, 58.0, 20.0]","[999.92, 999.97, 1000.02, 1000.07, 1000.12, 1000.17, 1000.22, 1000.27, 1000.32, 1000.37]","[146.0, 36.0, 106.0, 179.0, 94.0, 96.0, 96.0, 448.0, 67.0, 266.0]",1250.0,1534.0
1700000024.5,999.8554,0.1,999.81,999.91,"[999.81, 999.76, 999.71, 999.66, 999.61, 999.56, 999.51, 999.46, 999.41, 999.36]","[62.0, 120.0, 38.0, 96.0, 64.0, 3.0, 67.0, 85.0, 1198.0, 194.0]","[999.91, 999.96, 1000.01, 1000.06, 1000.11, 1000.16, 1000.21, 1000.26, 1000.31, 1000.36]","[11.0, 38.0, 10.0, 206.0, 242.0, 200.0, 50.0, 9.0, 75.0, 423.0]",1927.0,1264.0
1700000024.6,999.8713,0.1,999.82,999.92,"[999.82, 999.77, 999.72, 999.67, 999.62, 999.57, 999.52, 999.47, 999.42, 999.37]","[52.0, 38.0, 85.0, 104.0, 11.0, 62.0, 32.0, 115.0, 27.0, 67.0]","[999.92, 999.97, 1000.02, 1000.07, 1000.12, 1000.17, 1000.22, 1000.27, 1000.32, 1000.37]","[23.0, 35.0, 129.0, 1.0, 247.0, 91.0, 133.0, 21.0, 155.0, 93.0]",593.0,928.0
1700000024.7,999.852,0.19,999.76,999.95,"[999.76, 999.71, 999.66, 999.61, 999.56, 999.51, 999.46, 999.41, 999.36, 999.31]","[8.0, 10.0, 293.0, 69.0, 180.0, 9.0, 71.0, 19.0, 34.0, 271.0]","[999.95, 1000.0, 1000.05, 1000.1, 1000.15, 1000.2, 1000.25, 1000.3, 1000.35, 1000.4]","[24.0, 352.0, 7.0, 50.0, 34.0, 35.0, 34.0, 142.0, 42.0, 194.0]",964.0,914.0
1700000024.8,999.8274,0.2,999.73,999.93,"[999.73, 999.68, 999.63, 999.58, 999.53, 999.48, 999.43, 999.38, 999.33, 999.28]","[10.0, 157.0, 128.0, 78.0, 192.0, 95.0, 1.0, 112.0, 85.0, 86.0]","[999.93, 999.98, 1000.03, 1000.08, 1000.13, 1000.18, 1000.23, 1000.28, 1000.33, 1000.38]","[61.0, 11.0, 208.0, 115.0, 74.0, 51.0, 314.0, 54.0, 719.0, 168.0]",944.0,1775.0
1700000024.9,999.8366,0.1,999.79,999.89,"[999.79, 999.74, 999.69, 999.64, 999.59, 999.54, 999.49, 999.44, 999.39, 999.34]","[146.0, 121.0, 13.0, 161.0, 116.0, 4.0, 360.0, 32.0, 11.0, 13.0]","[999.89, 999.94, 999.99, 1000.04, 1000.09, 1000.14, 1000.19, 1000.24, 1000.29, 1000.34]","[7.0, 112.0, 75.0, 88.0, 1.0, 84.0, 199.0, 81.0, 43.0, 85.0]",977.0,775.0
1700000025.0,999.8035,0.1,999.75,999.85,"[999.75, 999.7, 999.65, 999.6, 999.55, 999.5, 999.45, 999.4, 999.35, 999.3]","[7.0, 12.0, 8.0, 110.0, 6.0, 66.0, 97.0, 115.0, 29.0, 205.0]","[999.85, 999.9, 999.95, 1000.0, 1000.05, 1000.1, 1000.15, 1000.2, 1000.25, 1000.3]","[139.0, 101.0, 287.0, 309.0, 12.0, 68.0, 319.0, 10.0, 46.0, 47.0]",655.0,1338.0
1700000025.1,999.8231,0.27,999.69,999.96,"[999.69, 999.64, 999.59, 999.54, 999.49, 999.44, 999.39, 999.34, 999.29, 999.24]","[65.0, 103.0, 52.0, 58.0, 307.0, 10.0, 119.0, 119.0, 528.0, 524.0]","[999.96, 1000.01, 1000.06, 1000.11, 1000.16, 1000.21, 1000.26, 1000.31, 1000.36, 1000.41]","[18.0, 219.0, 54.0, 124.0, 294.0, 118.0, 151.0, 480.0, 127.0, 301.0]",1885.0,1886.0
1700000025.2,999.8349,0.1,999.78,999.88,"[999.78, 999.73, 999.68, 999.63, 999.58, 999.53, 999.48, 999.43, 999.38, 999.33]","[13.0, 42.0, 92.0, 162.0, 6.0, 231.0, 245.0, 213.0, 40.0, 398.0]","[999.88, 999.93, 999.98, 1000.03, 1000.08, 1000.13, 1000.18, 1000.23, 1000.28, 1000.33]","[2.0, 3.0, 29.0, 11.0, 4.0, 124.0, 280.0, 290.0, 207.0, 40.0]",1442.0,990.0
1700000025.3,999.8828,0.68,999.54,1000.22,"[999.54, 999.49, 999.44, 999.39, 999.34, 999.29, 999.24, 999.19, 999.14, 999.09]","[8.0, 337.0, 219.0, 60.0, 70.0, 33.0, 95.0, 17.0, 119.0, 398.0]","[1000.22, 1000.27, 1000.32, 1000.37, 1000.42, 1000.47, 1000.52, 1000.57, 1000.62, 1000.67]","[32.0, 10.0, 35.0, 123.0, 36.0, 76.0, 38.0, 74.0, 33.0, 501.0]",1356.0,958.0
1700000025.4,999.8785,0.12,999.82,999.94,"[999.82, 999.77, 999.72, 999.67, 999.62, 999.57, 999.52, 999.47, 999.42, 999.37]","[195.0, 134.0, 10.0, 160.0, 125.0, 222.0, 58.0, 98.0, 292.0, 283.0]","[999.94, 999.99, 1000.04, 1000.09, 1000.14, 1000.19, 1000.24, 1000.29, 1000.34, 1000.39]","[42.0, 102.0, 8.0, 106.0, 1.0, 10.0, 6.0, 424.0, 312.0, 193.0]",1577.0,1204.0
1700000025.5,999.8843,0.1,999.83,999.93,"[999.83, 999.78, 999.73, 999.68, 999.63, 999.58, 999.53, 999.48, 999.43, 999.38]","[6.0, 78.0, 138.0, 157.0, 385.0, 80.0, 23.0, 20.0, 33.0, 614.0]","[999.93, 999.98, 1000.03, 1000.08, 1000.13, 1000.18, 1000.23, 1000.28, 1000.33, 1000.38]","[6.0, 52.0, 237.0, 61.0, 14.0, 148.0, 23.0, 330.0, 10.0, 134.0]",1534.0,1015.0
1700000025.6,999.8773,0.1,999.83,999.93,"[999.83, 999.78, 999.73, 999.68, 999.63, 999.58, 999.53, 999.48, 999.43, 999.38]","[2.0, 44.0, 39.0, 28.0, 122.0, 157.0, 376.0, 643.0, 107.0, 11.0]","[999.93, 999.98, 1000.03, 1000.08, 1000.13, 1000.18, 1000.23, 1000.28, 1000.33, 1000.38]","[13.0, 2.0, 43.0, 9.0, 291.0, 8.0, 216.0, 39.0, 74.0, 299.0]",1529.0,994.0
1700000025.7,999.8811,0.1,999.83,999.93,"[999.83, 999.78, 999.73, 999.68, 999.63, 999.58, 999.53, 999.48, 999.43, 999.38]","[31.0, 63.0, 51.0, 70.0, 130.0, 5.0, 56.0, 94.0, 193.0, 112.0]","[999.93, 999.98, 1000.03, 1000.08, 1000.13, 1000.18, 1000.23, 1000.28, 1000.33, 1000.38]","[25.0, 21.0, 61.0, 19.0, 9.0, 277.0, 135.0, 16.0, 4.0, 187.0]",805.0,754.0
1700000025.8,999.8356,0.15,999.76,999.91,"[999.76, 999.71, 999.66, 999.61, 999.56, 999.51, 999.46, 999.41, 999.36, 999.31]","[2.0, 13.0, 5.0, 134.0, 18.0, 227.0, 187.0, 92.0, 97.0, 19.0]","[999.91, 999.96, 1000.01, 1000.06, 1000.11, 1000.16, 1000.21, 1000.26, 1000.31, 1000.36]","[14.0, 7.0, 141.0, 63.0, 9.0, 217.0, 9.0, 39.0, 311.0, 175.0]",794.0,985.0
1700000025.9,999.833,0.41,999.63,1000.04,"[999.63, 999.58, 999.53, 999.48, 999.43, 999.38, 999.33, 999.28, 999.23, 999.18]","[9.0, 22.0, 40.0, 173.0, 15.0, 196.0, 4.0, 45.0, 43.0, 115.0]","[1000.04, 1000.09, 1000.14, 1000.19, 1000.24, 1000.29, 1000.34, 1000.39, 1000.44, 1000.49]","[28.0, 257.0, 39.0, 95.0, 4.0, 181.0, 77.0, 72.0, 25.0, 524.0]",662.0,1302.0
1700000026.0,999.8612,0.1,999.81,999.91,"[999.81, 999.76, 999.71, 999.66, 999.61, 999.56, 999.51, 999.46, 999.41, 999.36]","[2.0, 115.0, 77.0, 51.0, 34.0, 162.0, 210.0, 81.0, 139.0, 613.0]","[999.91, 999.96, 1000.01, 1000.06, 1000.11, 1000.16, 1000.21, 1000.26, 1000.31, 1000.36]","[223.0, 133.0, 53.0, 11.0, 192.0, 4.0, 53.0, 6.0, 188.0, 82.0]",1484.0,945.0
1700000026.1,999.8728,0.12,999.81,999.93,"[999.81, 999.76, 999.71, 999.66, 999.61, 999.56, 999.51, 999.46, 999.41, 999.36]","[42.0, 8.0, 8.0, 111.0, 61.0, 71.0, 10.0, 143.0, 139.0, 5.0]","[999.93, 999.98, 1000.03, 1000.08, 1000.13, 1000.18, 1000.23, 1000.28, 1000.33, 1000.38]","[5.0, 50.0, 6.0, 28.0, 15.0, 85.0, 99.0, 133.0, 229.0, 89.0]",598.0,739.0
1700000026.2,999.8526,0.39,999.66,1000.05,"[999.66, 999.61, 999.56, 999.51, 999.46, 999.41, 999.36, 999.31, 999.26, 999.21]","[43.0, 31.0, 68.0, 24.0, 47.0, 150.0, 141.0, 439.0, 59.0, 157.0]","[1000.05, 1000.1, 1000.15, 1000.2, 1000.25, 1000.3, 1000.35, 1000.4, 1000.45, 1000.5]","[34.0, 3.0, 23.0, 283.0, 56.0, 13.0, 89.0, 209.0, 343.0, 193.0]",1159.0,1246.0
1700000026.3,999.852,0.22,999.74,999.96,"[999.74, 999.69, 999.64, 999.59, 999.54, 999.49, 999.44, 999.39, 999.34, 999.29]","[51.0, 166.0, 81.0, 64.0, 22.0, 95.0, 43.0, 21.0, 394.0, 85.0]","[999.96, 1000.01, 1000.06, 1000.11, 1000.16, 1000.21, 1000.26, 1000.31, 1000.36, 1000.41]","[81.0, 98.0, 37.0, 38.0, 129.0, 3.0, 181.0, 43.0, 34.0, 45.0]",1022.0,689.0
1700000026.4,999.8358,0.45,999.61,1000.06,"[999.61, 999.56, 999.51, 999.46, 999.41, 999.36, 999.31, 999.26, 999.21, 999.16]","[23.0, 69.0, 439.0, 17.0, 86.0, 27.0, 379.0, 10.0, 10.0, 91.0]","[1000.06, 1000.11, 1000.16, 1000.21, 1000.26, 1000.31, 1000.36, 1000.41, 1000.46, 1000.51]","[5.0, 24.0, 127.0, 39.0, 3.0, 421.0, 20.0, 116.0, 127.0, 81.0]",1151.0,963.0
1700000026.5,999.8371,0.12,999.78,999.9,"[999.78, 999.73, 999.68, 999.63, 999.58, 999.53, 999.48, 999.43, 999.38, 999.33]","[15.0, 71.0, 4.0, 125.0, 116.0, 134.0, 151.0, 416.0, 19.0, 14.0]","[999.9, 999.95, 1000.0, 1000.05, 1000.1, 1000.15, 1000.2, 1000.25, 1000.3, 1000.35]","[4.0, 46.0, 9.0, 70.0, 88.0, 14.0, 223.0, 65.0, 188.0, 208.0]",1065.0,915.0
1700000026.6,999.8056,0.45,999.58,1000.03,"[999.58, 999.53, 999.48, 999.43, 999.38, 999.33, 999.28, 999.23, 999.18, 999.13]","[15.0, 209.0, 7.0, 1.0, 21.0, 75.0, 104.0, 161.0, 150.0, 70.0]","[1000.03, 1000.08, 1000.13, 1000.18, 1000.23, 1000.28, 1000.33, 1000.38, 1000.43, 1000.48]","[61.0, 4.0, 3.0, 13.0, 15.0, 61.0, 128.0, 587.0, 44.0, 167.0]",813.0,1083.0
1700000026.7,999.8267,0.1,999.78,999.88,"[999.78, 999.73, 999.68, 999.63, 999.58, 999.53, 999.48, 999.43, 999.38, 999.33]","[1.0, 84.0, 315.0, 257.0, 63.0, 6.0, 26.0, 246.0, 42.0, 162.0]","[999.88, 999.93, 999.98, 1000.03, 1000.08, 1000.13, 1000.18, 1000.23, 1000.28, 1000.33]","[18.0, 46.0, 130.0, 55.0, 537.0, 58.0, 62.0, 103.0, 10.0, 302.0]",1202.0,1321.0
1700000026.8,999.8298,0.24,999.71,999.95,"[999.71, 999.66, 999.61, 999.56, 999.51, 999.46, 999.41, 999.36, 999.31, 999.26]","[38.0, 57.0, 79.0, 27.0, 176.0, 1.0, 10.0, 206.0, 464.0, 53.0]","[999.95, 1000.0, 1000.05, 1000.1, 1000.15, 1000.2, 1000.25, 1000.3, 1000.35, 1000.4]","[8.0, 43.0, 12.0, 2.0, 74.0, 13.0, 131.0, 71.0, 450.0, 153.0]",1111.0,957.0
1700000026.9,999.8174,0.13,999.75,999.88,"[999.75, 999.7, 999.65, 999.6, 999.55, 999.5, 999.45, 999.4, 999.35, 999.3]","[52.0, 108.0, 54.0, 64.0, 19.0, 3.0, 45.0, 113.0, 247.0, 125.0]","[999.88, 999.93, 999.98, 1000.03, 1000.08, 1000.13, 1000.18, 1000.23, 1000.28, 1000.33]","[140.0, 64.0, 141.0, 536.0, 259.0, 373.0, 75.0, 27.0, 74.0, 16.0]",830.0,1705.0
1700000027.0,999.835,0.1,999.78,999.88,"[999.78, 999.73, 999.68, 999.63, 999.58, 999.53, 999.48, 999.43, 999.38, 999.33]","[1.0, 151.0, 279.0, 106.0, 95.0, 85.0, 510.0, 60.0, 259.0, 51.0]","[999.88, 999.93, 999.98, 1000.03, 1000.08, 1000.13, 1000.18, 1000.23, 1000.28, 1000.33]","[14.0, 80.0, 116.0, 12.0, 118.0, 126.0, 30.0, 397.0, 115.0, 78.0]",1597.0,1086.0
1700000027.1,999.871,0.1,999.82,999.92,"[999.82, 999.77, 999.72, 999.67, 999.62, 999.57, 999.52, 999.47, 999.42, 999.37]","[3.0, 91.0, 237.0, 204.0, 51.0, 158.0, 58.0, 25.0, 78.0, 87.0]","[999.92, 999.97, 1000.02, 1000.07, 1000.12, 1000.17, 1000.22, 1000.27, 1000.32, 1000.37]","[10.0, 33.0, 48.0, 28.0, 6.0, 32.0, 287.0, 126.0, 64.0, 55.0]",992.0,689.0
1700000027.2,999.8865,0.1,999.84,999.94,"[999.84, 999.79, 999.74, 999.69, 999.64, 999.59, 999.54, 999.49, 999.44, 999.39]","[12.0, 115.0, 46.0, 16.0, 3.0, 420.0, 1.0, 112.0, 173.0, 144.0]","[999.94, 999.99, 1000.04, 1000.09, 1000.14, 1000.19, 1000.24, 1000.29, 1000.34, 1000.39]","[23.0, 120.0, 164.0, 47.0, 75.0, 86.0, 149.0, 33.0, 11.0, 96.0]",1042.0,804.0
1700000027.3,999.8217,0.12,999.76,999.88,"[999.76, 999.71, 999.66, 999.61, 999.56, 999.51, 999.46, 999.41, 999.36, 999.31]","[75.0, 38.0, 58.0, 81.0, 140.0, 99.0, 73.0, 77.0, 33.0, 95.0]","[999.88, 999.93, 999.98, 1000.03, 1000.08, 1000.13, 1000.18, 1000.23, 1000.28, 1000.33]","[67.0, 30.0, 33.0, 71.0, 18.0, 10.0, 164.0, 48.0, 46.0, 343.0]",769.0,830.0
1700000027.4,999.8006,0.12,999.74,999.86,"[999.74, 999.69, 999.64, 999.59, 999.54, 999.49, 999.44, 999.39, 999.34, 999.29]","[45.0, 198.0, 37.0, 169.0, 130.0, 337.0, 32.0, 228.0, 26.0, 271.0]","[999.86, 999.91, 999.96, 1000.01, 1000.06, 1000.11, 1000.16, 1000.21, 1000.26, 1000.31]","[17.0, 3.0, 126.0, 5.0, 184.0, 24.0, 104.0, 5.0, 12.0, 49.0]",1473.0,529.0
1700000027.5,999.8257,0.1,999.78,999.88,"[999.78, 999.73, 999.68, 999.63, 999.58, 999.53, 999.48, 999.43, 999.38, 999.33]","[5.0, 9.0, 48.0, 5.0, 237.0, 276.0, 8.0, 171.0, 175.0, 133.0]","[999.88, 999.93, 999.98, 1000.03, 1000.08, 1000.13, 1000.18, 1000.23, 1000.28, 1000.33]","[13.0, 47.0, 137.0, 29.0, 154.0, 69.0, 277.0, 132.0, 264.0, 499.0]",1067.0,1621.0
1700000027.6,999.8747,0.1,999.82,999.92,"[999.82, 999.77, 999.72, 999.67, 999.62, 999.57, 999.52, 999.47, 999.42, 999.37]","[50.0, 205.0, 397.0, 70.0, 281.0, 51.0, 64.0, 383.0, 151.0, 295.0]","[999.92, 999.97, 1000.02, 1000.07, 1000.12, 1000.17, 1000.22, 1000.27, 1000.32, 1000.37]","[21.0, 95.0, 137.0, 42.0, 71.0, 46.0, 273.0, 167.0, 28.0, 516.0]",1947.0,1396.0
1700000027.7,999.8765,0.1,999.83,999.93,"[999.83, 999.78, 999.73, 999.68, 999.63, 999.58, 999.53, 999.48, 999.43, 999.38]","[44.0, 14.0, 27.0, 166.0, 37.0, 439.0, 34.0, 312.0, 348.0, 212.0]","[999.93, 999.98, 1000.03, 1000.08, 1000.13, 1000.18, 1000.23, 1000.28, 1000.33, 1000.38]","[12.0, 28.0, 54.0, 130.0, 398.0, 129.0, 152.0, 218.0, 94.0, 43.0]",1633.0,1258.0
